<record><header><identifier>oai:alma.41SLSP_UGE:991000049449705502</identifier><datestamp>2023-06-20T00:25:35Z</datestamp><setSpec>uge_bcen_RapidILL_BOOK</setSpec><setSpec>uge_aaca_RapidILL_BOOK</setSpec><setSpec>uge_abels_RapidILL_BOOK</setSpec><setSpec>uge_dbu_RapidILL_BOOK</setSpec><setSpec>uge_cmu_RapidILL_BOOK</setSpec><setSpec>uge_mail_RapidILL_BOOK</setSpec><setSpec>uge_abbat_RapidILL_BOOK</setSpec><setSpec>UNIGE_ALL</setSpec><setSpec>uge_aobs_RapidILL_BOOK</setSpec><setSpec>uge_acar_RapidILL_BOOK</setSpec></header><metadata>
<record xmlns="http://www.loc.gov/MARC21/slim" xmlns:xsi="http://www.w3.org/2001/XMLSchema-instance" xsi:schemaLocation="http://www.loc.gov/MARC21/slim http://www.loc.gov/standards/marcxml/schema/MARC21slim.xsd"><leader>02693nam a2200637 c 4500</leader><controlfield tag="001">991000049449705502</controlfield><controlfield tag="005">20230619195022.0</controlfield><controlfield tag="008">201011s2005    xxk||||| |||| 00| ||eng d</controlfield><datafield ind1=" " ind2=" " tag="015"><subfield code="a">GBA547533</subfield><subfield code="2">bnb</subfield></datafield><datafield ind1=" " ind2=" " tag="020"><subfield code="a">0900587962</subfield><subfield code="q">pbk.</subfield><subfield code="c">No price</subfield></datafield><datafield ind1=" " ind2=" " tag="035"><subfield code="a">(swissbib)221300945-41slsp_network</subfield></datafield><datafield ind1=" " ind2=" " tag="035"><subfield code="a">221300945</subfield><subfield code="9">ExL</subfield></datafield><datafield ind1=" " ind2=" " tag="035"><subfield code="a">(RERO)R004001071-41slsp</subfield></datafield><datafield ind1=" " ind2=" " tag="035"><subfield code="a">(IDSBB)003778439DSV01</subfield></datafield><datafield ind1=" " ind2=" " tag="035"><subfield code="a">(NEBIS)005169475EBI01</subfield></datafield><datafield ind1=" " ind2=" " tag="035"><subfield code="a">(EXLNZ-41SLSP_NETWORK)991081768439705501</subfield></datafield><datafield ind1=" " ind2=" " tag="040"><subfield code="a">RERO geulsa</subfield><subfield code="d">CH-ZuSLS</subfield></datafield><datafield ind1="0" ind2=" " tag="041"><subfield code="a">eng</subfield><subfield code="a">lat</subfield></datafield><datafield ind1=" " ind2="7" tag="072"><subfield code="a">la</subfield><subfield code="2">rero</subfield></datafield><datafield ind1=" " ind2="7" tag="072"><subfield code="a">kp</subfield><subfield code="2">SzZuIDS BS/BE</subfield></datafield><datafield ind1=" " ind2="7" tag="072"><subfield code="a">mn</subfield><subfield code="2">SzZuIDS BS/BE</subfield></datafield><datafield ind1="0" ind2="4" tag="082"><subfield code="a">871.01</subfield><subfield code="2">22</subfield></datafield><datafield ind1="0" ind2="4" tag="082"><subfield code="a">877</subfield><subfield code="2">21</subfield></datafield><datafield ind1="1" ind2="4" tag="082"><subfield code="a">871.01</subfield><subfield code="2">21</subfield></datafield><datafield ind1=" " ind2=" " tag="084"><subfield code="a">FX 212705</subfield><subfield code="2">rvk</subfield></datafield><datafield ind1="1" ind2=" " tag="100"><subfield code="a">Zetzel, James E. G.</subfield><subfield code="d">1947-</subfield><subfield code="0">(DE-588)139342796</subfield><subfield code="6">880-01</subfield></datafield><datafield ind1="1" ind2=" " tag="880"><subfield code="a">Zetzel, James E.G</subfield><subfield code="0">(RERO)A003998168</subfield><subfield code="4">cre</subfield><subfield code="6">100-01</subfield></datafield><datafield ind1="1" ind2="0" tag="245"><subfield code="a">Marginal scholarship and textual deviance</subfield><subfield code="b">the Commentum Cornuti and the early scholia on Persius</subfield><subfield code="c">James E.G. Zetzel</subfield></datafield><datafield ind1=" " ind2="1" tag="264"><subfield code="a">London</subfield><subfield code="b">Institute of Classical Studies, School of Advanced Study, University of London</subfield><subfield code="c">2005</subfield></datafield><datafield ind1=" " ind2=" " tag="300"><subfield code="a">XIII, 241 p.</subfield><subfield code="c">25 cm</subfield></datafield><datafield ind1=" " ind2=" " tag="336"><subfield code="b">txt</subfield><subfield code="2">rdacontent</subfield></datafield><datafield ind1=" " ind2=" " tag="337"><subfield code="b">n</subfield><subfield code="2">rdamedia</subfield></datafield><datafield ind1=" " ind2=" " tag="338"><subfield code="b">nc</subfield><subfield code="2">rdacarrier</subfield></datafield><datafield ind1="1" ind2=" " tag="490"><subfield code="a">Bulletin of the Institute of Classical Studies of the University of London. Supplementary papers</subfield><subfield code="v">no. 84</subfield></datafield><datafield ind1=" " ind2=" " tag="504"><subfield code="a">Includes bibliographical references and index</subfield></datafield><datafield ind1="0" ind2="7" tag="600"><subfield code="a">Perse</subfield><subfield code="d">0034-0062</subfield><subfield code="0">(IDREF)027908518</subfield><subfield code="2">idref</subfield></datafield><datafield ind1="1" ind2="7" tag="600"><subfield code="a">Cornutus, Lucius Annaeus</subfield><subfield code="d">0020?-0065</subfield><subfield code="t">Commentum Cornuti in Persium</subfield><subfield code="0">(IDREF)13706666X</subfield><subfield code="2">idref</subfield></datafield><datafield ind1="0" ind2="0" tag="600"><subfield code="a">Persius</subfield><subfield code="x">Criticism and interpretation</subfield><subfield code="y">To 1500</subfield><subfield code="x">History</subfield></datafield><datafield ind1="1" ind2="7" tag="600"><subfield code="a">Persius, Aulus</subfield><subfield code="v">Kommentar</subfield><subfield code="2">idsbb</subfield></datafield><datafield ind1="1" ind2="7" tag="600"><subfield code="a">Persius Flaccus, Aulus</subfield><subfield code="d">34-62</subfield><subfield code="t">Saturae</subfield><subfield code="0">(DE-588)4271837-5</subfield><subfield code="2">gnd</subfield></datafield><datafield ind1="1" ind2="7" tag="600"><subfield code="a">Persius Flaccus, Aulus; Saturae</subfield><subfield code="2">idszbz</subfield></datafield><datafield ind1="1" ind2="0" tag="600"><subfield code="a">Cornutus, Lucius Annaeus</subfield><subfield code="d">active 1st century</subfield><subfield code="t">Commentum Cornuti in Persium</subfield></datafield><datafield ind1="0" ind2="0" tag="600"><subfield code="a">Persius</subfield><subfield code="x">Criticism and interpretation</subfield></datafield><datafield ind1=" " ind2="7" tag="648"><subfield code="a">Geschichte 300-800</subfield><subfield code="2">gnd</subfield></datafield><datafield ind1=" " ind2="7" tag="648"><subfield code="a">Geschichte 300-800</subfield><subfield code="2">idszbz</subfield></datafield><datafield ind1=" " ind2="7" tag="648"><subfield code="a">Geschichte 0-1000</subfield><subfield code="2">idszbz</subfield></datafield><datafield ind1=" " ind2="7" tag="650"><subfield code="a">Critique textuelle</subfield><subfield code="0">(IDREF)027231208</subfield><subfield code="2">idref</subfield></datafield><datafield ind1=" " ind2="7" tag="650"><subfield code="a">1er siècle-8e siècle</subfield><subfield code="2">idref</subfield></datafield><datafield ind1=" " ind2="7" tag="650"><subfield code="a">commentaire</subfield><subfield code="0">(RERO)A009950026</subfield><subfield code="2">rerovoc</subfield></datafield><datafield ind1=" " ind2="7" tag="650"><subfield code="a">Kommentar</subfield><subfield code="0">(DE-588)4136710-8</subfield><subfield code="2">gnd</subfield></datafield><datafield ind1=" " ind2="7" tag="650"><subfield code="a">Rezeption</subfield><subfield code="2">idszbz</subfield></datafield><datafield ind1=" " ind2="0" tag="650"><subfield code="a">Criticism, Textual</subfield></datafield><datafield ind1=" " ind2="0" tag="650"><subfield code="a">Transmission of texts</subfield></datafield><datafield ind1=" " ind2="0" tag="655"><subfield code="a">Scholia</subfield></datafield><datafield ind1=" " ind2="0" tag="830"><subfield code="a">Bulletin supplement / University of London, Institute of Classical Studies</subfield><subfield code="v">84</subfield><subfield code="w">(RERO)0637851-41slsp</subfield></datafield><datafield ind1=" " ind2="0" tag="830"><subfield code="a">Bulletin of the Institute of Classical Studies</subfield><subfield code="p">Supplement</subfield><subfield code="v">84</subfield><subfield code="w">(IDSBB)000458233DSV01</subfield></datafield><datafield ind1=" " ind2=" " tag="900"><subfield code="a">IDSZ2zbzmon200605p</subfield><subfield code="c">IDSZ2muew</subfield><subfield code="d">IDSZ2zbzswk200606b</subfield><subfield code="e">IDSZ2seid</subfield></datafield></record>
</metadata></record>