<record><header><identifier>oai:alma.41SLSP_UGE:991000008979705502</identifier><datestamp>2023-12-01T01:55:04Z</datestamp><setSpec>uge_bcen_RapidILL_BOOK</setSpec><setSpec>uge_aaca_RapidILL_BOOK</setSpec><setSpec>uge_abels_RapidILL_BOOK</setSpec><setSpec>uge_dbu_RapidILL_BOOK</setSpec><setSpec>uge_cmu_RapidILL_BOOK</setSpec><setSpec>uge_mail_RapidILL_BOOK</setSpec><setSpec>uge_abbat_RapidILL_BOOK</setSpec><setSpec>UNIGE_ALL</setSpec><setSpec>uge_acar_RapidILL_BOOK</setSpec><setSpec>uge_aobs_RapidILL_BOOK</setSpec></header><metadata>
<record xmlns="http://www.loc.gov/MARC21/slim" xmlns:xsi="http://www.w3.org/2001/XMLSchema-instance" xsi:schemaLocation="http://www.loc.gov/MARC21/slim http://www.loc.gov/standards/marcxml/schema/MARC21slim.xsd"><leader>01029nam a2200301 c 4500</leader><controlfield tag="001">991000008979705502</controlfield><controlfield tag="005">20231130101230.0</controlfield><controlfield tag="008">130502s1976    sp ||||| |||| 00| ||spa d</controlfield><datafield ind1=" " ind2=" " tag="020"><subfield code="a">8460006883</subfield><subfield code="q">br</subfield></datafield><datafield ind1=" " ind2=" " tag="020"><subfield code="a">9788460006886</subfield><subfield code="q">br</subfield></datafield><datafield ind1=" " ind2=" " tag="035"><subfield code="a">(swissbib)117305618-41slsp_network</subfield></datafield><datafield ind1=" " ind2=" " tag="035"><subfield code="a">117305618</subfield><subfield code="9">ExL</subfield></datafield><datafield ind1=" " ind2=" " tag="035"><subfield code="a">(RERO)R007289512-41slsp</subfield></datafield><datafield ind1=" " ind2=" " tag="035"><subfield code="a">(EXLNZ-41SLSP_NETWORK)991160555259705501</subfield></datafield><datafield ind1=" " ind2=" " tag="040"><subfield code="a">ZWZ</subfield><subfield code="d">CH-ZuSLS</subfield></datafield><datafield ind1=" " ind2="7" tag="072"><subfield code="a">ht</subfield><subfield code="2">rero</subfield></datafield><datafield ind1="0" ind2="4" tag="082"><subfield code="a">930.5</subfield></datafield><datafield ind1="1" ind2=" " tag="100"><subfield code="a">Santos Yanguas, Narciso</subfield><subfield code="d">1949-....</subfield><subfield code="0">(IDREF)03047115X</subfield><subfield code="4">aut</subfield></datafield><datafield ind1="1" ind2="0" tag="245"><subfield code="a">&lt;&lt;Los&gt;&gt; pueblos germánicos en la segunda mitad del siglo IV. d.C</subfield><subfield code="c">Narciso Santos</subfield></datafield><datafield ind1=" " ind2="1" tag="264"><subfield code="a">[Oviedo]</subfield><subfield code="b">Universidad de Oviedo, Servicio de Publicaciones</subfield><subfield code="c">1976</subfield></datafield><datafield ind1=" " ind2=" " tag="300"><subfield code="a">1 vol. (188 p.)</subfield><subfield code="b">ill.</subfield><subfield code="c">29 cm.</subfield></datafield><datafield ind1=" " ind2=" " tag="336"><subfield code="b">txt</subfield><subfield code="2">rdacontent</subfield></datafield><datafield ind1=" " ind2=" " tag="337"><subfield code="b">n</subfield><subfield code="2">rdamedia</subfield></datafield><datafield ind1=" " ind2=" " tag="338"><subfield code="b">nc</subfield><subfield code="2">rdacarrier</subfield></datafield><datafield ind1="1" ind2=" " tag="490"><subfield code="a">Memorias de Historia Antigua</subfield><subfield code="v">1</subfield></datafield><datafield ind1=" " ind2=" " tag="504"><subfield code="a">Bibliogr. p. 8-22.</subfield></datafield><datafield ind1=" " ind2=" " tag="830"><subfield code="a">Memorias de Historia Antigua</subfield><subfield code="v">1</subfield><subfield code="w">(RERO)0293385-41slsp</subfield></datafield><datafield ind1=" " ind2=" " tag="900"><subfield code="a">REROnoselfmerge</subfield></datafield><datafield ind1=" " ind2=" " tag="910"><subfield code="a">OCoLC</subfield><subfield code="b">20130502</subfield><subfield code="c">Droits réservés</subfield></datafield></record>
</metadata></record>