<record><header><identifier>oai:alma.41SLSP_UGE:991000049649705502</identifier><datestamp>2023-07-01T00:28:26Z</datestamp><setSpec>uge_bcen_RapidILL_BOOK</setSpec><setSpec>uge_aaca_RapidILL_BOOK</setSpec><setSpec>uge_abels_RapidILL_BOOK</setSpec><setSpec>uge_dbu_RapidILL_BOOK</setSpec><setSpec>uge_cmu_RapidILL_BOOK</setSpec><setSpec>uge_mail_RapidILL_BOOK</setSpec><setSpec>uge_abbat_RapidILL_BOOK</setSpec><setSpec>UNIGE_ALL</setSpec><setSpec>uge_aobs_RapidILL_BOOK</setSpec><setSpec>uge_acar_RapidILL_BOOK</setSpec></header><metadata>
<record xmlns="http://www.loc.gov/MARC21/slim" xmlns:xsi="http://www.w3.org/2001/XMLSchema-instance" xsi:schemaLocation="http://www.loc.gov/MARC21/slim http://www.loc.gov/standards/marcxml/schema/MARC21slim.xsd"><leader>02671naa a2200529 c 4500</leader><controlfield tag="001">991000049649705502</controlfield><controlfield tag="005">20230630214614.0</controlfield><controlfield tag="008">061101s2006    sz ||||| |||| 00| ||ger d</controlfield><datafield ind1=" " ind2=" " tag="035"><subfield code="a">(swissbib)104296917-41slsp_network</subfield></datafield><datafield ind1=" " ind2=" " tag="035"><subfield code="a">104296917</subfield><subfield code="9">ExL</subfield></datafield><datafield ind1=" " ind2=" " tag="035"><subfield code="a">(RERO)R004247015-41slsp</subfield></datafield><datafield ind1=" " ind2=" " tag="035"><subfield code="a">(EXLNZ-41SLSP_NETWORK)991083968479705501</subfield></datafield><datafield ind1=" " ind2=" " tag="040"><subfield code="a">RERO neubfd</subfield><subfield code="d">CH-ZuSLS</subfield></datafield><datafield ind1=" " ind2=" " tag="044"><subfield code="a">sz</subfield><subfield code="c">ch-zh</subfield></datafield><datafield ind1=" " ind2="7" tag="072"><subfield code="a">dr</subfield><subfield code="2">rero</subfield></datafield><datafield ind1=" " ind2=" " tag="084"><subfield code="a">CA/CH 57.1 i</subfield><subfield code="2">cjurrom</subfield></datafield><datafield ind1=" " ind2=" " tag="084"><subfield code="a">CA/CH 75 i</subfield><subfield code="2">cjurrom</subfield></datafield><datafield ind1=" " ind2=" " tag="084"><subfield code="a">CA/CH 77 i</subfield><subfield code="2">cjurrom</subfield></datafield><datafield ind1="1" ind2=" " tag="100"><subfield code="a">Läubli Ziegler, Sylvia</subfield><subfield code="0">(RERO)A003539056</subfield><subfield code="4">cre</subfield></datafield><datafield ind1="1" ind2="0" tag="245"><subfield code="a">Ist Haushaltstätigkeit, die anstelle von Erwerbstätigkeit ausgeübt wird, separat abzugelten?</subfield><subfield code="c">Sylvia Läubli Ziegler</subfield></datafield><datafield ind1=" " ind2=" " tag="336"><subfield code="b">txt</subfield><subfield code="2">rdacontent</subfield></datafield><datafield ind1=" " ind2=" " tag="337"><subfield code="b">n</subfield><subfield code="2">rdamedia</subfield></datafield><datafield ind1=" " ind2=" " tag="338"><subfield code="b">nc</subfield><subfield code="2">rdacarrier</subfield></datafield><datafield ind1=" " ind2=" " tag="580"><subfield code="a">In: HAVE. - Zürich. - Jg. 5(2006), S. 273-277</subfield></datafield><datafield ind1=" " ind2="7" tag="650"><subfield code="a">privatrechtliche Haftung</subfield><subfield code="9">ger</subfield><subfield code="0">(RERO)jurivoc000017692ger</subfield><subfield code="2">jurivoc</subfield></datafield><datafield ind1=" " ind2="7" tag="650"><subfield code="a">Personenschaden</subfield><subfield code="9">ger</subfield><subfield code="0">(RERO)jurivoc000017073ger</subfield><subfield code="2">jurivoc</subfield></datafield><datafield ind1=" " ind2="7" tag="650"><subfield code="a">Haushaltschaden</subfield><subfield code="9">ger</subfield><subfield code="0">(RERO)jurivoc000010944ger</subfield><subfield code="2">jurivoc</subfield></datafield><datafield ind1=" " ind2="7" tag="650"><subfield code="a">Schaden</subfield><subfield code="9">ger</subfield><subfield code="0">(RERO)jurivoc000019408ger</subfield><subfield code="2">jurivoc</subfield></datafield><datafield ind1=" " ind2="7" tag="650"><subfield code="a">zukünftiger Schaden</subfield><subfield code="9">ger</subfield><subfield code="0">(RERO)jurivoc000027313ger</subfield><subfield code="2">jurivoc</subfield></datafield><datafield ind1=" " ind2="7" tag="650"><subfield code="a">Erwerbsausfall</subfield><subfield code="9">ger</subfield><subfield code="0">(RERO)jurivoc000007531ger</subfield><subfield code="2">jurivoc</subfield></datafield><datafield ind1=" " ind2="7" tag="650"><subfield code="a">Beeinträchtigung des wirtschaftlichen Fortkommens</subfield><subfield code="9">ger</subfield><subfield code="0">(RERO)jurivoc000002938ger</subfield><subfield code="2">jurivoc</subfield></datafield><datafield ind1=" " ind2="7" tag="650"><subfield code="a">hypothetisches Einkommen</subfield><subfield code="9">ger</subfield><subfield code="0">(RERO)jurivoc000011467ger</subfield><subfield code="2">jurivoc</subfield></datafield><datafield ind1=" " ind2="7" tag="650"><subfield code="a">Erwerbsunfähigkeit</subfield><subfield code="9">ger</subfield><subfield code="0">(RERO)jurivoc000007553ger</subfield><subfield code="2">jurivoc</subfield></datafield><datafield ind1=" " ind2="7" tag="650"><subfield code="a">Prädisposition</subfield><subfield code="9">ger</subfield><subfield code="0">(RERO)jurivoc000017498ger</subfield><subfield code="2">jurivoc</subfield></datafield><datafield ind1=" " ind2="7" tag="650"><subfield code="a">Überversicherung</subfield><subfield code="9">ger</subfield><subfield code="0">(RERO)jurivoc000023232ger</subfield><subfield code="2">jurivoc</subfield></datafield><datafield ind1=" " ind2="7" tag="650"><subfield code="a">Kongruenz</subfield><subfield code="9">ger</subfield><subfield code="0">(RERO)jurivoc000013145ger</subfield><subfield code="2">jurivoc</subfield></datafield><datafield ind1=" " ind2="7" tag="650"><subfield code="a">Koordination(Versicherung)</subfield><subfield code="9">ger</subfield><subfield code="0">(RERO)jurivoc000013406ger</subfield><subfield code="2">jurivoc</subfield></datafield><datafield ind1=" " ind2="7" tag="650"><subfield code="a">Haftpflichtversicherung</subfield><subfield code="9">ger</subfield><subfield code="0">(RERO)jurivoc000010678ger</subfield><subfield code="2">jurivoc</subfield></datafield><datafield ind1=" " ind2="7" tag="650"><subfield code="a">AHV</subfield><subfield code="9">ger</subfield><subfield code="0">(RERO)jurivoc000000645ger</subfield><subfield code="2">jurivoc</subfield></datafield><datafield ind1=" " ind2="7" tag="650"><subfield code="a">IV</subfield><subfield code="9">ger</subfield><subfield code="0">(RERO)jurivoc000012152ger</subfield><subfield code="2">jurivoc</subfield></datafield><datafield ind1=" " ind2="7" tag="650"><subfield code="a">Gerichts- und Verwaltungspraxis</subfield><subfield code="9">ger</subfield><subfield code="0">(RERO)jurivoc000009624ger</subfield><subfield code="2">jurivoc</subfield></datafield><datafield ind1=" " ind2="7" tag="650"><subfield code="a">richterliche Behörde</subfield><subfield code="9">ger</subfield><subfield code="0">(RERO)jurivoc000018932ger</subfield><subfield code="2">jurivoc</subfield></datafield><datafield ind1=" " ind2="7" tag="650"><subfield code="a">oberstes Gericht</subfield><subfield code="9">ger</subfield><subfield code="0">(RERO)jurivoc000016213ger</subfield><subfield code="2">jurivoc</subfield></datafield><datafield ind1=" " ind2="7" tag="650"><subfield code="a">Bundesgericht</subfield><subfield code="9">ger</subfield><subfield code="0">(RERO)jurivoc000004684ger</subfield><subfield code="2">jurivoc</subfield></datafield><datafield ind1=" " ind2="7" tag="651"><subfield code="a">Schweiz</subfield><subfield code="9">ger</subfield><subfield code="0">(RERO)jurivoc000019912ger</subfield><subfield code="2">jurivoc</subfield></datafield><datafield ind1=" " ind2="7" tag="655"><subfield code="a">Entscheidsammlung</subfield><subfield code="9">ger</subfield><subfield code="2">jurivoc</subfield><subfield code="0">(RERO)jurivoc000006982ger</subfield></datafield><datafield ind1=" " ind2="7" tag="655"><subfield code="a">Kommentar(Bemerkung)</subfield><subfield code="9">ger</subfield><subfield code="2">jurivoc</subfield><subfield code="0">(RERO)jurivoc000013037ger</subfield></datafield><datafield ind1="0" ind2=" " tag="773"><subfield code="t">HAVE : Haftung und Versicherung</subfield><subfield code="g">2006/273</subfield><subfield code="g">yr:2006</subfield><subfield code="w">(RERO)R003129026-41slsp</subfield></datafield></record>
</metadata></record>