<record><header><identifier>oai:alma.41SLSP_UGE:991000008769705502</identifier><datestamp>2023-07-01T00:22:52Z</datestamp><setSpec>uge_cmu_RapidILL_JOURNAL</setSpec><setSpec>uge_aobs_RapidILL_JOURNAL</setSpec><setSpec>uge_aaca_RapidILL_JOURNAL</setSpec><setSpec>uge_bcen_RapidILL_JOURNAL</setSpec><setSpec>uge_abbat_RapidILL_JOURNAL</setSpec><setSpec>uge_dbu_RapidILL_JOURNAL</setSpec><setSpec>uge_mail_RapidILL_JOURNAL</setSpec><setSpec>uge_abels_RapidILL_JOURNAL</setSpec><setSpec>UNIGE_ALL</setSpec><setSpec>uge_acar_RapidILL_JOURNAL</setSpec></header><metadata>
<record xmlns="http://www.loc.gov/MARC21/slim" xmlns:xsi="http://www.w3.org/2001/XMLSchema-instance" xsi:schemaLocation="http://www.loc.gov/MARC21/slim http://www.loc.gov/standards/marcxml/schema/MARC21slim.xsd"><leader>04238nas a2200913 c 4500</leader><controlfield tag="001">991000008769705502</controlfield><controlfield tag="005">20230630214246.0</controlfield><controlfield tag="006">s | m       |    |</controlfield><controlfield tag="008">201011d18871952sz || p|  ||| 0    0ger d</controlfield><datafield ind1=" " ind2=" " tag="022"><subfield code="a">0004-0673</subfield></datafield><datafield ind1=" " ind2=" " tag="022"><subfield code="a">1423-0534</subfield></datafield><datafield ind1=" " ind2=" " tag="035"><subfield code="a">(swissbib)224894927-41slsp_network</subfield></datafield><datafield ind1=" " ind2=" " tag="035"><subfield code="a">224894927</subfield><subfield code="9">ExL</subfield></datafield><datafield ind1=" " ind2=" " tag="035"><subfield code="a">(RERO)0887820-41slsp</subfield></datafield><datafield ind1=" " ind2=" " tag="035"><subfield code="a">(IDSBB)000062027DSV01</subfield></datafield><datafield ind1=" " ind2=" " tag="035"><subfield code="a">(EXLNZ-41SLSP_NETWORK)991145116569705501</subfield></datafield><datafield ind1=" " ind2=" " tag="040"><subfield code="a">RERO gevbaa</subfield><subfield code="d">CH-ZuSLS</subfield></datafield><datafield ind1="0" ind2=" " tag="041"><subfield code="a">ger</subfield><subfield code="a">fre</subfield><subfield code="a">ita</subfield></datafield><datafield ind1=" " ind2="7" tag="072"><subfield code="a">hs</subfield><subfield code="2">rero</subfield></datafield><datafield ind1=" " ind2="7" tag="072"><subfield code="a">dr</subfield><subfield code="2">rero</subfield></datafield><datafield ind1=" " ind2="7" tag="072"><subfield code="a">sg</subfield><subfield code="2">SzZuIDS BS/BE</subfield></datafield><datafield ind1=" " ind2="7" tag="072"><subfield code="a">gh</subfield><subfield code="2">SzZuIDS BS/BE</subfield></datafield><datafield ind1="1" ind2="4" tag="082"><subfield code="a">920</subfield><subfield code="2">15</subfield></datafield><datafield ind1="1" ind2="4" tag="082"><subfield code="a">949.4</subfield><subfield code="2">15</subfield></datafield><datafield ind1=" " ind2=" " tag="084"><subfield code="a">CA/CH 7 a</subfield><subfield code="2">cjurrom</subfield></datafield><datafield ind1="0" ind2="0" tag="245"><subfield code="a">Archives héraldiques et sigillographiques</subfield><subfield code="c">publ. par Maurice Tripet</subfield></datafield><datafield ind1="1" ind2=" " tag="246"><subfield code="a">Schweizer Archiv für Heraldik</subfield></datafield><datafield ind1="1" ind2=" " tag="246"><subfield code="a">Archivio araldico svizzero</subfield></datafield><datafield ind1="1" ind2=" " tag="246"><subfield code="a">Archives héraldiques suisses</subfield></datafield><datafield ind1="1" ind2="3" tag="246"><subfield code="a">Schweizerisches Archiv für Heraldik</subfield></datafield><datafield ind1="1" ind2=" " tag="246"><subfield code="i">Année 1(1887)-8(1894)</subfield><subfield code="a">Archives héraldiques et sigillographiques Suisses</subfield></datafield><datafield ind1="1" ind2="1" tag="246"><subfield code="a">Schweizer Archiv für Heraldik, Archivum heraldicum</subfield></datafield><datafield ind1="1" ind2="1" tag="246"><subfield code="a">Archivio araldico svizzero - Archivum heraldicum</subfield></datafield><datafield ind1=" " ind2="1" tag="264"><subfield code="a">[Var loc.]</subfield><subfield code="b">Société suisse d'héraldique</subfield><subfield code="c">1887-1952</subfield></datafield><datafield ind1=" " ind2=" " tag="300"><subfield code="c">29 cm</subfield></datafield><datafield ind1=" " ind2=" " tag="310"><subfield code="a">4x par an puis 3x par an</subfield></datafield><datafield ind1=" " ind2=" " tag="321"><subfield code="a">2x jährlich</subfield><subfield code="b">-2013</subfield></datafield><datafield ind1=" " ind2=" " tag="336"><subfield code="b">sti</subfield><subfield code="2">rdacontent</subfield></datafield><datafield ind1=" " ind2=" " tag="336"><subfield code="b">txt</subfield><subfield code="2">rdacontent</subfield></datafield><datafield ind1=" " ind2=" " tag="337"><subfield code="b">n</subfield><subfield code="2">rdamedia</subfield></datafield><datafield ind1=" " ind2=" " tag="338"><subfield code="b">nc</subfield><subfield code="2">rdacarrier</subfield></datafield><datafield ind1="0" ind2=" " tag="362"><subfield code="a">Année 1(1887) - année 66(1952)</subfield></datafield><datafield ind1=" " ind2=" " tag="500"><subfield code="a">Titre dès 1889 : Archives héraldiques suisses</subfield></datafield><datafield ind1=" " ind2=" " tag="500"><subfield code="a">Dès 1892: Organe de la Société suisse d'héraldique</subfield></datafield><datafield ind1=" " ind2=" " tag="500"><subfield code="a">Titre parallèle en allemand dès 1897: Schweizer Archiv für Heraldik. Titre parallèle en italien dès 1915: Archivio araldico svizzero</subfield></datafield><datafield ind1=" " ind2=" " tag="500"><subfield code="a">Ab Jg. 128(2014) nur noch 1x jährlich</subfield></datafield><datafield ind1=" " ind2=" " tag="500"><subfield code="a">Ort und Verlag wechselnd</subfield></datafield><datafield ind1=" " ind2=" " tag="500"><subfield code="a">Erscheinungsjahr von Année 101 fälschlich mit 1988 angegeben</subfield></datafield><datafield ind1=" " ind2=" " tag="500"><subfield code="a">Jg. 109(1995) mit Beiheft erschienen</subfield></datafield><datafield ind1=" " ind2=" " tag="530"><subfield code="a">Existe aussi sous forme électronique</subfield></datafield><datafield ind1=" " ind2=" " tag="580"><subfield code="a">Scindé en: Archives héraldiques suisses. Annuaire. Et en: Archives héraldiques suisses. Bulletin</subfield></datafield><datafield ind1=" " ind2=" " tag="580"><subfield code="a">A pour suppl.: Archives héraldiques suisses. Supplément</subfield></datafield><datafield ind1=" " ind2="7" tag="650"><subfield code="a">Héraldique</subfield><subfield code="0">(IDREF)027261697</subfield><subfield code="2">idref</subfield></datafield><datafield ind1=" " ind2="7" tag="650"><subfield code="a">Kunst und Kultur</subfield><subfield code="9">ger</subfield><subfield code="0">(RERO)jurivoc000013742ger</subfield><subfield code="2">jurivoc</subfield></datafield><datafield ind1=" " ind2="7" tag="650"><subfield code="a">Wappen</subfield><subfield code="9">ger</subfield><subfield code="0">(RERO)jurivoc000026115ger</subfield><subfield code="2">jurivoc</subfield></datafield><datafield ind1=" " ind2="7" tag="650"><subfield code="a">Heraldik</subfield><subfield code="z">Schweiz</subfield><subfield code="v">Zeitschrift</subfield><subfield code="2">idsbb</subfield></datafield><datafield ind1=" " ind2="7" tag="650"><subfield code="a">Heraldik</subfield><subfield code="0">(DE-588)4072428-1</subfield><subfield code="2">gnd</subfield></datafield><datafield ind1=" " ind2="7" tag="650"><subfield code="a">Wappen</subfield><subfield code="0">(DE-588)4064566-6</subfield><subfield code="2">gnd</subfield></datafield><datafield ind1=" " ind2="7" tag="650"><subfield code="a">Wappen</subfield><subfield code="z">Schweiz</subfield><subfield code="v">Zeitschrift</subfield><subfield code="2">idsbb</subfield></datafield><datafield ind1=" " ind2="7" tag="651"><subfield code="a">Suisse</subfield><subfield code="0">(IDREF)027249654</subfield><subfield code="2">idref</subfield></datafield><datafield ind1=" " ind2="7" tag="651"><subfield code="a">Schweiz</subfield><subfield code="9">ger</subfield><subfield code="0">(RERO)jurivoc000019912ger</subfield><subfield code="2">jurivoc</subfield></datafield><datafield ind1=" " ind2="7" tag="651"><subfield code="a">Schweiz</subfield><subfield code="0">(DE-588)4053881-3</subfield><subfield code="2">gnd</subfield></datafield><datafield ind1=" " ind2="7" tag="655"><subfield code="a">Périodiques</subfield><subfield code="0">(IDREF)02724640X</subfield><subfield code="2">idref</subfield></datafield><datafield ind1=" " ind2="7" tag="655"><subfield code="a">Periodikum</subfield><subfield code="9">ger</subfield><subfield code="2">jurivoc</subfield><subfield code="0">(RERO)jurivoc000017014ger</subfield></datafield><datafield ind1=" " ind2="7" tag="655"><subfield code="a">Zeitschrift</subfield><subfield code="2">gnd-content</subfield></datafield><datafield ind1=" " ind2="7" tag="655"><subfield code="a">Monografische Reihe</subfield><subfield code="2">gnd-content</subfield></datafield><datafield ind1="1" ind2=" " tag="700"><subfield code="a">Tripet, Maurice</subfield><subfield code="0">(RERO)A003910996</subfield><subfield code="4">edt</subfield></datafield><datafield ind1="2" ind2=" " tag="710"><subfield code="a">Schweizerische Heraldische Gesellschaft</subfield><subfield code="0">(DE-588)1015541-7</subfield></datafield><datafield ind1="2" ind2=" " tag="710"><subfield code="a">Société suisse d'héraldique</subfield><subfield code="4">edt</subfield><subfield code="0">(IDREF)069522316</subfield></datafield><datafield ind1="0" ind2=" " tag="770"><subfield code="t">Archives héraldiques suisses. Série A, Vitraux suisses</subfield></datafield><datafield ind1="0" ind2="0" tag="785"><subfield code="i">1954 davon abgespalten</subfield><subfield code="t">Archivum heraldicum</subfield><subfield code="w">(swissbib)025461176-41slsp_network</subfield></datafield><datafield ind1="0" ind2=" " tag="770"><subfield code="t">Archives héraldiques suisses. Série D, Dessins (cartons de vitraux)</subfield></datafield><datafield ind1="0" ind2=" " tag="770"><subfield code="t">Archives héraldiques suisses. C, Art appliqué</subfield></datafield><datafield ind1="0" ind2=" " tag="770"><subfield code="i">Index</subfield><subfield code="t">Schweizer Archiv für Heraldik, Archivum heraldicum. Registerband</subfield></datafield><datafield ind1="0" ind2="0" tag="785"><subfield code="t">Archives héraldiques suisses. Bulletin</subfield><subfield code="w">(swissbib)082090548-41slsp_network</subfield></datafield><datafield ind1="0" ind2="0" tag="780"><subfield code="i">Ab 1988 wieder einverleibt</subfield><subfield code="t">Archivum heraldicum</subfield><subfield code="w">(IDSBB)001151690DSV01</subfield></datafield><datafield ind1="0" ind2=" " tag="770"><subfield code="t">Archives héraldiques suisses. Supplément = Schweizer Archiv für Heraldik. Beilage = Archivio araldico svizzero. [Supplemento]</subfield><subfield code="w">(RERO)1125826-41slsp</subfield></datafield><datafield ind1="0" ind2=" " tag="770"><subfield code="t">Archives héraldiques suisses. Série B, Peintures</subfield></datafield><datafield ind1="0" ind2="0" tag="785"><subfield code="t">Archives héraldiques suisses. Annuaire</subfield><subfield code="w">(RERO)0054780-41slsp</subfield></datafield><datafield ind1="4" ind2="1" tag="856"><subfield code="3">Texte intégral</subfield><subfield code="u">https://www.e-periodica.ch/digbib/volumes?UID=ahe-001</subfield></datafield></record>
</metadata></record>