<record><header><identifier>oai:alma.41SLSP_UGE:991000008689705502</identifier><datestamp>2023-11-24T01:26:32Z</datestamp><setSpec>uge_bcen_RapidILL_BOOK</setSpec><setSpec>uge_aaca_RapidILL_BOOK</setSpec><setSpec>uge_abels_RapidILL_BOOK</setSpec><setSpec>uge_dbu_RapidILL_BOOK</setSpec><setSpec>uge_cmu_RapidILL_BOOK</setSpec><setSpec>uge_mail_RapidILL_BOOK</setSpec><setSpec>uge_abbat_RapidILL_BOOK</setSpec><setSpec>UNIGE_ALL</setSpec><setSpec>uge_aobs_RapidILL_BOOK</setSpec><setSpec>uge_acar_RapidILL_BOOK</setSpec></header><metadata>
<record xmlns="http://www.loc.gov/MARC21/slim" xmlns:xsi="http://www.w3.org/2001/XMLSchema-instance" xsi:schemaLocation="http://www.loc.gov/MARC21/slim http://www.loc.gov/standards/marcxml/schema/MARC21slim.xsd"><leader>01475naa a2200325 c 4500</leader><controlfield tag="001">991000008689705502</controlfield><controlfield tag="005">20230630215343.0</controlfield><controlfield tag="008">060622s2005    sz ||||| |||| 00| ||ger d</controlfield><datafield ind1=" " ind2=" " tag="035"><subfield code="a">(swissbib)103734228-41slsp_network</subfield></datafield><datafield ind1=" " ind2=" " tag="035"><subfield code="a">103734228</subfield><subfield code="9">ExL</subfield></datafield><datafield ind1=" " ind2=" " tag="035"><subfield code="a">(RERO)R004142251-41slsp</subfield></datafield><datafield ind1=" " ind2=" " tag="035"><subfield code="a">(ALEX)bv000908532</subfield></datafield><datafield ind1=" " ind2=" " tag="035"><subfield code="a">(EXLNZ-41SLSP_NETWORK)991089287099705501</subfield></datafield><datafield ind1=" " ind2=" " tag="040"><subfield code="a">RERO jutc--</subfield><subfield code="d">CH-ZuSLS</subfield></datafield><datafield ind1=" " ind2=" " tag="044"><subfield code="a">sz</subfield><subfield code="c">ch-zh</subfield></datafield><datafield ind1=" " ind2="7" tag="072"><subfield code="a">dr</subfield><subfield code="2">rero</subfield></datafield><datafield ind1=" " ind2=" " tag="084"><subfield code="a">CA/CH 97.1 i</subfield><subfield code="2">cjurrom</subfield></datafield><datafield ind1="1" ind2=" " tag="100"><subfield code="a">Kunz, Oliver M.</subfield><subfield code="0">(RERO)A010977394</subfield><subfield code="4">cre</subfield></datafield><datafield ind1="1" ind2="0" tag="245"><subfield code="a">&lt;&lt;Die&gt;&gt; Weiterbehandlung als Rechtsmittel</subfield><subfield code="c">Oliver M. Kunz</subfield></datafield><datafield ind1=" " ind2=" " tag="336"><subfield code="b">txt</subfield><subfield code="2">rdacontent</subfield></datafield><datafield ind1=" " ind2=" " tag="337"><subfield code="b">n</subfield><subfield code="2">rdamedia</subfield></datafield><datafield ind1=" " ind2=" " tag="338"><subfield code="b">nc</subfield><subfield code="2">rdacarrier</subfield></datafield><datafield ind1=" " ind2=" " tag="580"><subfield code="a">In: Sic !. - Zürich. - 2005, 6, p. 453-462</subfield></datafield><datafield ind1=" " ind2="7" tag="650"><subfield code="a">Immaterialgüterrecht</subfield><subfield code="9">ger</subfield><subfield code="0">(RERO)jurivoc000011537ger</subfield><subfield code="2">jurivoc</subfield></datafield><datafield ind1=" " ind2="7" tag="650"><subfield code="a">Gesuch an eine Behörde</subfield><subfield code="9">ger</subfield><subfield code="0">(RERO)jurivoc000009971ger</subfield><subfield code="2">jurivoc</subfield></datafield><datafield ind1=" " ind2="7" tag="650"><subfield code="a">eidgenössisches Institut für geistiges Eigentum</subfield><subfield code="9">ger</subfield><subfield code="0">(RERO)jurivoc000006253ger</subfield><subfield code="2">jurivoc</subfield></datafield><datafield ind1=" " ind2="7" tag="650"><subfield code="a">Wiederholung</subfield><subfield code="9">ger</subfield><subfield code="0">(RERO)jurivoc000026561ger</subfield><subfield code="2">jurivoc</subfield></datafield><datafield ind1=" " ind2="7" tag="650"><subfield code="a">Fristwiederherstellung</subfield><subfield code="9">ger</subfield><subfield code="0">(RERO)jurivoc000008890ger</subfield><subfield code="2">jurivoc</subfield></datafield><datafield ind1=" " ind2="7" tag="650"><subfield code="a">Verfahren</subfield><subfield code="9">ger</subfield><subfield code="0">(RERO)jurivoc000024356ger</subfield><subfield code="2">jurivoc</subfield></datafield><datafield ind1=" " ind2="7" tag="650"><subfield code="a">ausserordentliches Rechtsmittel</subfield><subfield code="9">ger</subfield><subfield code="0">(RERO)jurivoc000002450ger</subfield><subfield code="2">jurivoc</subfield></datafield><datafield ind1=" " ind2="7" tag="651"><subfield code="a">Schweiz</subfield><subfield code="9">ger</subfield><subfield code="0">(RERO)jurivoc000019912ger</subfield><subfield code="2">jurivoc</subfield></datafield><datafield ind1="0" ind2=" " tag="773"><subfield code="t">Sic ! : Zeitschrift für Immaterialgüter-, Informations- und Wettbewerbsrecht</subfield><subfield code="g">2005/453</subfield><subfield code="g">yr:2005</subfield><subfield code="w">(RERO)R218073660-41slsp</subfield></datafield></record>
</metadata></record>