<record><header><identifier>oai:alma.41SLSP_UGE:991000008269705502</identifier><datestamp>2024-03-22T01:19:47Z</datestamp><setSpec>uge_bcen_RapidILL_BOOK</setSpec><setSpec>uge_aaca_RapidILL_BOOK</setSpec><setSpec>uge_abels_RapidILL_BOOK</setSpec><setSpec>uge_dbu_RapidILL_BOOK</setSpec><setSpec>uge_cmu_RapidILL_BOOK</setSpec><setSpec>uge_mail_RapidILL_BOOK</setSpec><setSpec>uge_abbat_RapidILL_BOOK</setSpec><setSpec>UNIGE_ALL</setSpec><setSpec>uge_acar_RapidILL_BOOK</setSpec><setSpec>uge_aobs_RapidILL_BOOK</setSpec></header><metadata>
<record xmlns="http://www.loc.gov/MARC21/slim" xmlns:xsi="http://www.w3.org/2001/XMLSchema-instance" xsi:schemaLocation="http://www.loc.gov/MARC21/slim http://www.loc.gov/standards/marcxml/schema/MARC21slim.xsd"><leader>01077nam a22002892c 4500</leader><controlfield tag="001">991000008269705502</controlfield><controlfield tag="005">20240321230751.0</controlfield><controlfield tag="008">180411s1787    xxk||||| |||| 00| ||lat d</controlfield><datafield ind1=" " ind2=" " tag="035"><subfield code="a">(swissbib)124702570-41slsp_network</subfield></datafield><datafield ind1=" " ind2=" " tag="035"><subfield code="a">124702570</subfield><subfield code="9">ExL</subfield></datafield><datafield ind1=" " ind2=" " tag="035"><subfield code="a">(RERO)R008785506-41slsp</subfield></datafield><datafield ind1=" " ind2=" " tag="035"><subfield code="a">(EXLNZ-41SLSP_NETWORK)991012963759705501</subfield></datafield><datafield ind1=" " ind2=" " tag="040"><subfield code="a">NLE</subfield><subfield code="b">eng</subfield><subfield code="e">dcrb</subfield><subfield code="d">CH-ZuSLS</subfield></datafield><datafield ind1=" " ind2="7" tag="072"><subfield code="a">th</subfield><subfield code="2">rero</subfield></datafield><datafield ind1="0" ind2="0" tag="245"><subfield code="a">Novum Testamentum domini nostri Jesu Christi</subfield><subfield code="c">interprete Theodoro Beza</subfield></datafield><datafield ind1=" " ind2="1" tag="264"><subfield code="a">Londini</subfield><subfield code="b">J. Buckland, J.F. &amp; C. Rivington, T. Longman, B. Law, G.G.J. &amp; J. Robinson, Stuart, H. Gardener, J. Bew, necnon Scatcherd &amp; Whitaker.</subfield><subfield code="c">1787</subfield></datafield><datafield ind1=" " ind2=" " tag="300"><subfield code="a">347, [1] p.</subfield><subfield code="c">16 cm (12°)</subfield></datafield><datafield ind1=" " ind2=" " tag="336"><subfield code="b">txt</subfield><subfield code="2">rdacontent</subfield></datafield><datafield ind1=" " ind2=" " tag="337"><subfield code="b">n</subfield><subfield code="2">rdamedia</subfield></datafield><datafield ind1=" " ind2=" " tag="338"><subfield code="b">nc</subfield><subfield code="2">rdacarrier</subfield></datafield><datafield ind1=" " ind2=" " tag="500"><subfield code="a">Signatures: A-Ff⁶</subfield></datafield><datafield ind1="4" ind2=" " tag="510"><subfield code="a">ESTC</subfield><subfield code="c">T176687</subfield></datafield><datafield ind1="0" ind2="0" tag="630"><subfield code="a">Bible</subfield><subfield code="p">New Testament</subfield><subfield code="l">Latin</subfield><subfield code="s">Bèze</subfield></datafield><datafield ind1="1" ind2=" " tag="700"><subfield code="a">Bèze, Théodore de</subfield><subfield code="d">1519-1605</subfield><subfield code="0">(IDREF)026726920</subfield></datafield><datafield ind1="0" ind2=" " tag="730"><subfield code="a">Bible</subfield><subfield code="n">200</subfield><subfield code="p">N.T</subfield><subfield code="l">Latin</subfield></datafield><datafield ind1=" " ind2=" " tag="751"><subfield code="a">Londres (GB)</subfield><subfield code="4">pup</subfield><subfield code="0">(IDREF)027237249</subfield></datafield><datafield ind1=" " ind2=" " tag="900"><subfield code="a">REROswissbibnomerge</subfield></datafield><datafield ind1=" " ind2=" " tag="910"><subfield code="a">OCoLC</subfield><subfield code="b">20180411</subfield><subfield code="c">Droits réservés</subfield></datafield><datafield ind1=" " ind2=" " tag="993"><subfield code="a">MHR O4d(787)</subfield><subfield code="x">ge/mhr-/7867</subfield><subfield code="9">LOCAL</subfield></datafield></record>
</metadata></record>