<record><header><identifier>oai:alma.41SLSP_UGE:991000050089705502</identifier><datestamp>2024-10-05T00:11:32Z</datestamp><setSpec>uge_bcen_RapidILL_BOOK</setSpec><setSpec>uge_aaca_RapidILL_BOOK</setSpec><setSpec>uge_abels_RapidILL_BOOK</setSpec><setSpec>uge_dbu_RapidILL_BOOK</setSpec><setSpec>uge_cmu_RapidILL_BOOK</setSpec><setSpec>uge_mail_RapidILL_BOOK</setSpec><setSpec>uge_abbat_RapidILL_BOOK</setSpec><setSpec>UNIGE_ALL</setSpec><setSpec>uge_aobs_RapidILL_BOOK</setSpec><setSpec>uge_acar_RapidILL_BOOK</setSpec></header><metadata>
<record xmlns="http://www.loc.gov/MARC21/slim" xmlns:xsi="http://www.w3.org/2001/XMLSchema-instance" xsi:schemaLocation="http://www.loc.gov/MARC21/slim http://www.loc.gov/standards/marcxml/schema/MARC21slim.xsd"><leader>02296nam a2200565 c 4500</leader><controlfield tag="001">991000050089705502</controlfield><controlfield tag="005">20241004184635.0</controlfield><controlfield tag="008">201011s2009    sp ||||| |||| 00| ||spa d</controlfield><datafield ind1=" " ind2=" " tag="020"><subfield code="a">9788493638382</subfield></datafield><datafield ind1=" " ind2=" " tag="020"><subfield code="a">8493638382</subfield></datafield><datafield ind1=" " ind2=" " tag="035"><subfield code="a">(swissbib)220188041-41slsp_network</subfield></datafield><datafield ind1=" " ind2=" " tag="035"><subfield code="a">220188041</subfield><subfield code="9">ExL</subfield></datafield><datafield ind1=" " ind2=" " tag="035"><subfield code="a">(RERO)R005395617-41slsp</subfield></datafield><datafield ind1=" " ind2=" " tag="035"><subfield code="a">(NEBIS)006140054EBI01</subfield></datafield><datafield ind1=" " ind2=" " tag="035"><subfield code="a">(NEBIS)009664847EBI01</subfield></datafield><datafield ind1=" " ind2=" " tag="035"><subfield code="a">(OCoLC)496236591</subfield></datafield><datafield ind1=" " ind2=" " tag="035"><subfield code="a">(OCoLC)695852870</subfield></datafield><datafield ind1=" " ind2=" " tag="035"><subfield code="a">(EXLNZ-41SLSP_NETWORK)991012333059705501</subfield></datafield><datafield ind1=" " ind2=" " tag="040"><subfield code="a">RERO neubfl</subfield><subfield code="d">CH-ZuSLS</subfield></datafield><datafield ind1=" " ind2=" " tag="050"><subfield code="a">PC</subfield></datafield><datafield ind1=" " ind2="7" tag="072"><subfield code="a">es</subfield><subfield code="2">rero</subfield></datafield><datafield ind1=" " ind2=" " tag="080"><subfield code="a">811.134.2'26(460.181)</subfield></datafield><datafield ind1=" " ind2=" " tag="080"><subfield code="a">811.134.2'282(460.181)</subfield></datafield><datafield ind1="0" ind2="4" tag="082"><subfield code="a">467</subfield><subfield code="2">21</subfield></datafield><datafield ind1="1" ind2="4" tag="082"><subfield code="a">467</subfield><subfield code="2">21</subfield></datafield><datafield ind1="0" ind2="0" tag="245"><subfield code="a">&lt;&lt;El&gt;&gt; leonés en el siglo XXI</subfield><subfield code="b">(un romance milenario ante el reto de su normalización)</subfield><subfield code="c">José R. Morala Rodríguez (ed.)</subfield></datafield><datafield ind1=" " ind2="1" tag="264"><subfield code="a">[Burgos]</subfield><subfield code="b">Instituto Castellano y Leonés de la Lengua</subfield><subfield code="c">D.L. 2009</subfield></datafield><datafield ind1=" " ind2=" " tag="300"><subfield code="a">286 p.</subfield><subfield code="b">il. col., gráf., mapas</subfield><subfield code="c">23 cm</subfield></datafield><datafield ind1=" " ind2=" " tag="336"><subfield code="b">txt</subfield><subfield code="2">rdacontent</subfield></datafield><datafield ind1=" " ind2=" " tag="337"><subfield code="b">n</subfield><subfield code="2">rdamedia</subfield></datafield><datafield ind1=" " ind2=" " tag="338"><subfield code="b">nc</subfield><subfield code="2">rdacarrier</subfield></datafield><datafield ind1="1" ind2=" " tag="490"><subfield code="a">Colección Beltenebros</subfield><subfield code="v">23</subfield></datafield><datafield ind1=" " ind2=" " tag="500"><subfield code="a">Essays in Spanish and the Asturian dialect</subfield></datafield><datafield ind1=" " ind2=" " tag="504"><subfield code="a">Includes bibliographical references</subfield></datafield><datafield ind1=" " ind2=" " tag="504"><subfield code="a">Incluye referencias bibliográficas</subfield></datafield><datafield ind1=" " ind2="7" tag="650"><subfield code="a">Espagnol (langue)</subfield><subfield code="0">(IDREF)027224430</subfield><subfield code="2">idref</subfield></datafield><datafield ind1=" " ind2="7" tag="650"><subfield code="a">léonais (dialecte)</subfield><subfield code="0">(RERO)A013685790</subfield><subfield code="2">rerovoc</subfield></datafield><datafield ind1=" " ind2="7" tag="650"><subfield code="a">21e siècle (début)</subfield><subfield code="0">(RERO)A022437388</subfield><subfield code="2">rero</subfield></datafield><datafield ind1=" " ind2="0" tag="650"><subfield code="a">Spanish language</subfield><subfield code="x">Dialects</subfield><subfield code="z">Spain</subfield><subfield code="z">León (Province)</subfield><subfield code="v">Congresses</subfield></datafield><datafield ind1=" " ind2="7" tag="650"><subfield code="a">Leonesisch</subfield><subfield code="0">(DE-588)4167372-4</subfield><subfield code="2">gnd</subfield></datafield><datafield ind1=" " ind2="7" tag="650"><subfield code="a">Spanisch (Mundart)</subfield><subfield code="2">idszbz</subfield></datafield><datafield ind1=" " ind2="0" tag="651"><subfield code="a">León (Spain : Province)</subfield><subfield code="x">Languages</subfield><subfield code="v">Congresses</subfield></datafield><datafield ind1=" " ind2="7" tag="651"><subfield code="a">León (Spanien, Region)</subfield><subfield code="2">idszbz</subfield></datafield><datafield ind1=" " ind2="7" tag="655"><subfield code="a">Aufsatzsammlung</subfield><subfield code="2">gnd-content</subfield></datafield><datafield ind1="1" ind2=" " tag="700"><subfield code="a">Morala Rodríguez, José Ramón</subfield><subfield code="d">19..-....</subfield><subfield code="0">(DE-588)1067261559</subfield></datafield><datafield ind1="1" ind2=" " tag="700"><subfield code="a">Morala Rodríguez, José Ramón</subfield><subfield code="d">19..-....</subfield><subfield code="0">(IDREF)136508405</subfield></datafield><datafield ind1="4" ind2=" " tag="856"><subfield code="3">Titelblatt und Inhaltsverzeichnis</subfield><subfield code="u">https://toc.library.ethz.ch/objects/pdf/z01_978-84-936383-8-2_01.pdf</subfield><subfield code="q">pdf</subfield></datafield><datafield ind1=" " ind2="0" tag="830"><subfield code="a">Colección Beltenebros</subfield><subfield code="v">23</subfield><subfield code="w">(RERO)R004493262-41slsp</subfield></datafield><datafield ind1=" " ind2=" " tag="900"><subfield code="a">REROnoselfmerge</subfield></datafield><datafield ind1=" " ind2=" " tag="900"><subfield code="a">IDSZ2zbzmon201011f</subfield><subfield code="c">IDSZ2kist</subfield><subfield code="d">IDSZ2zbzswk201011b</subfield><subfield code="e">IDSZ2brua</subfield></datafield><datafield ind1=" " ind2=" " tag="949"><subfield code="a">https://toc.library.ethz.ch/objects/pdf/z01_978-84-936383-8-2_01.pdf</subfield></datafield><datafield ind1=" " ind2=" " tag="993"><subfield code="a">BFLA 231353</subfield><subfield code="x">ge/ules/a/11/406</subfield><subfield code="9">LOCAL</subfield></datafield></record>
</metadata></record>