<record><header><identifier>oai:alma.41SLSP_UGE:991000008369705502</identifier><datestamp>2023-03-01T01:08:47Z</datestamp><setSpec>uge_bcen_RapidILL_BOOK</setSpec><setSpec>uge_aaca_RapidILL_BOOK</setSpec><setSpec>uge_abels_RapidILL_BOOK</setSpec><setSpec>uge_dbu_RapidILL_BOOK</setSpec><setSpec>uge_cmu_RapidILL_BOOK</setSpec><setSpec>uge_mail_RapidILL_BOOK</setSpec><setSpec>UNIGE_ALL</setSpec><setSpec>uge_abbat_RapidILL_BOOK</setSpec><setSpec>uge_aobs_RapidILL_BOOK</setSpec><setSpec>uge_acar_RapidILL_BOOK</setSpec></header><metadata>
<record xmlns="http://www.loc.gov/MARC21/slim" xmlns:xsi="http://www.w3.org/2001/XMLSchema-instance" xsi:schemaLocation="http://www.loc.gov/MARC21/slim http://www.loc.gov/standards/marcxml/schema/MARC21slim.xsd"><leader>01337nam a2200325 c 4500</leader><controlfield tag="001">991000008369705502</controlfield><controlfield tag="005">20220121122650.0</controlfield><controlfield tag="008">201011s1964    xxu||||| |||| 10| ||eng d</controlfield><datafield ind1=" " ind2=" " tag="019"><subfield code="a">SPI Retro 23894</subfield></datafield><datafield ind1=" " ind2=" " tag="035"><subfield code="a">(swissbib)215930274-41slsp_network</subfield></datafield><datafield ind1=" " ind2=" " tag="035"><subfield code="a">215930274</subfield><subfield code="9">ExL</subfield></datafield><datafield ind1=" " ind2=" " tag="035"><subfield code="a">(RERO)1007850-41slsp</subfield></datafield><datafield ind1=" " ind2=" " tag="035"><subfield code="a">(NEBIS)000716201EBI01</subfield></datafield><datafield ind1=" " ind2=" " tag="035"><subfield code="a">(EXLNZ-41SLSP_NETWORK)991030777759705501</subfield></datafield><datafield ind1=" " ind2=" " tag="040"><subfield code="a">RERO geudbu</subfield><subfield code="d">CH-ZuSLS</subfield></datafield><datafield ind1=" " ind2="7" tag="072"><subfield code="a">ch</subfield><subfield code="2">rero</subfield></datafield><datafield ind1="0" ind2="0" tag="245"><subfield code="a">Amino acids and serum proteins</subfield><subfield code="b">based on the Richard J. Block Memorial Symposium</subfield><subfield code="c">sponsored by the Division of Biological Chemistry at the 142nd Meeting of the American Chemical Society, Atlantic City, N.J., September 11, 1962</subfield></datafield><datafield ind1=" " ind2="1" tag="264"><subfield code="a">Washington, D.C.</subfield><subfield code="b">American Chemical Society</subfield><subfield code="c">1964</subfield></datafield><datafield ind1=" " ind2=" " tag="300"><subfield code="a">XXIII, 154 p.</subfield><subfield code="b">ill.</subfield><subfield code="c">24 cm</subfield></datafield><datafield ind1=" " ind2=" " tag="336"><subfield code="b">txt</subfield><subfield code="2">rdacontent</subfield></datafield><datafield ind1=" " ind2=" " tag="337"><subfield code="b">n</subfield><subfield code="2">rdamedia</subfield></datafield><datafield ind1=" " ind2=" " tag="338"><subfield code="b">nc</subfield><subfield code="2">rdacarrier</subfield></datafield><datafield ind1="1" ind2=" " tag="490"><subfield code="a">Advances in chemistry series</subfield><subfield code="v">44</subfield></datafield><datafield ind1=" " ind2="7" tag="655"><subfield code="a">Konferenzschrift</subfield><subfield code="z">Atlantic City, NJ</subfield><subfield code="y">1962</subfield><subfield code="2">gnd-content</subfield></datafield><datafield ind1="2" ind2=" " tag="711"><subfield code="a">Richard J. Block Memorial Symposium</subfield><subfield code="d">1962</subfield><subfield code="c">Atlantic City, NJ</subfield><subfield code="0">(DE-588)5340361-7</subfield></datafield><datafield ind1="1" ind2=" " tag="700"><subfield code="a">Stekol, Jacob A.</subfield></datafield><datafield ind1="2" ind2=" " tag="710"><subfield code="a">American Chemical Society</subfield><subfield code="b">Division of Biochemical Chemistry</subfield><subfield code="0">(DE-588)5063596-7</subfield></datafield><datafield ind1=" " ind2="0" tag="830"><subfield code="a">Advances in chemistry series</subfield><subfield code="v">44</subfield><subfield code="w">(RERO)0280665-41slsp</subfield></datafield><datafield ind1=" " ind2=" " tag="900"><subfield code="a">REROnoselfmerge</subfield></datafield><datafield ind1=" " ind2=" " tag="900"><subfield code="a">IDSE1N25</subfield></datafield><datafield ind1=" " ind2=" " tag="900"><subfield code="a">IDSERSPIdummy</subfield></datafield></record>
</metadata></record>