<record><header><identifier>oai:alma.41SLSP_UGE:991000008679705502</identifier><datestamp>2023-06-20T00:24:32Z</datestamp><setSpec>uge_bcen_RapidILL_BOOK</setSpec><setSpec>uge_aaca_RapidILL_BOOK</setSpec><setSpec>uge_abels_RapidILL_BOOK</setSpec><setSpec>uge_dbu_RapidILL_BOOK</setSpec><setSpec>uge_cmu_RapidILL_BOOK</setSpec><setSpec>uge_mail_RapidILL_BOOK</setSpec><setSpec>uge_abbat_RapidILL_BOOK</setSpec><setSpec>UNIGE_ALL</setSpec><setSpec>uge_aobs_RapidILL_BOOK</setSpec><setSpec>uge_acar_RapidILL_BOOK</setSpec></header><metadata>
<record xmlns="http://www.loc.gov/MARC21/slim" xmlns:xsi="http://www.w3.org/2001/XMLSchema-instance" xsi:schemaLocation="http://www.loc.gov/MARC21/slim http://www.loc.gov/standards/marcxml/schema/MARC21slim.xsd"><leader>03009nem a2200649uc 4500</leader><controlfield tag="001">991000008679705502</controlfield><controlfield tag="005">20230619204041.0</controlfield><controlfield tag="007">aj |||||</controlfield><controlfield tag="008">201011s1981    gw        |     |   ger|d</controlfield><datafield ind1=" " ind2=" " tag="020"><subfield code="a">3525501579</subfield></datafield><datafield ind1="1" ind2=" " tag="034"><subfield code="a">a</subfield><subfield code="b">300000</subfield><subfield code="d">E0341500</subfield><subfield code="e">E0370500</subfield><subfield code="f">N0334000</subfield><subfield code="g">N0304000</subfield></datafield><datafield ind1=" " ind2=" " tag="035"><subfield code="a">(swissbib)224634992-41slsp_network</subfield></datafield><datafield ind1=" " ind2=" " tag="035"><subfield code="a">224634992</subfield><subfield code="9">ExL</subfield></datafield><datafield ind1=" " ind2=" " tag="035"><subfield code="a">(NEBIS)000447129EBI01</subfield></datafield><datafield ind1=" " ind2=" " tag="035"><subfield code="a">(RERO)0682290-41slsp</subfield></datafield><datafield ind1=" " ind2=" " tag="035"><subfield code="a">(EXLNZ-41SLSP_NETWORK)991113902959705501</subfield></datafield><datafield ind1=" " ind2=" " tag="040"><subfield code="a">ETH-BIB</subfield><subfield code="b">ger</subfield><subfield code="e">ETHICS-ISBD</subfield><subfield code="d">CH-ZuSLS</subfield></datafield><datafield ind1=" " ind2="7" tag="072"><subfield code="a">th</subfield><subfield code="2">rero</subfield></datafield><datafield ind1=" " ind2="7" tag="072"><subfield code="a">ar</subfield><subfield code="2">rero</subfield></datafield><datafield ind1="0" ind2="4" tag="082"><subfield code="a">911.33</subfield></datafield><datafield ind1="0" ind2="4" tag="082"><subfield code="a">911.33 PAL</subfield></datafield><datafield ind1="0" ind2="0" tag="245"><subfield code="a">Palästina</subfield><subfield code="b">historisch-archäologische Karte : zwei vierzehnfarbige Blätter 1:300 000 : mit Einführung und Register</subfield><subfield code="c">[Red.: Ernst Höhne] ; [Kartographie: Hermann Wahle]</subfield></datafield><datafield ind1=" " ind2=" " tag="255"><subfield code="a">1:300 000</subfield><subfield code="c">E 34°15'-E 37°05'/N 33°40'-N 30°40'</subfield></datafield><datafield ind1=" " ind2=" " tag="255"><subfield code="a">Echelle 1:300.000</subfield></datafield><datafield ind1=" " ind2="1" tag="264"><subfield code="a">Göttingen</subfield><subfield code="b">Vandenhoeck &amp; Ruprecht</subfield><subfield code="c">1981</subfield></datafield><datafield ind1=" " ind2="4" tag="264"><subfield code="c">© 1981</subfield></datafield><datafield ind1=" " ind2=" " tag="300"><subfield code="a">2 CARTES (2 f.)</subfield><subfield code="c">58 x 72 cm pliées 27 x 17 cm</subfield><subfield code="e">1 FASC. (p. 161-284)</subfield><subfield code="c">28 cm</subfield></datafield><datafield ind1=" " ind2=" " tag="336"><subfield code="b">cri</subfield><subfield code="2">rdacontent</subfield></datafield><datafield ind1=" " ind2=" " tag="337"><subfield code="b">n</subfield><subfield code="2">rdamedia</subfield></datafield><datafield ind1=" " ind2=" " tag="338"><subfield code="b">nb</subfield><subfield code="2">rdacarrier</subfield></datafield><datafield ind1=" " ind2=" " tag="500"><subfield code="a">Copyright auf den Karten: 1979</subfield></datafield><datafield ind1=" " ind2=" " tag="500"><subfield code="a">Beil.: Sonderdruck aus: Biblisch-historisches Handwörterbuch ; Bd. 4 (1979) 161-284</subfield></datafield><datafield ind1=" " ind2=" " tag="580"><subfield code="a">Tiré à part de: Biblisch-historisches Handwörterbuch / hrsg. von Bo Reicke und Leonhard Rost. - Göttingen : Vandenhoeck und Ruprecht. - P. 161-284</subfield></datafield><datafield ind1=" " ind2="7" tag="650"><subfield code="a">Archäologie</subfield><subfield code="2">idszbzzk</subfield></datafield><datafield ind1=" " ind2="7" tag="650"><subfield code="a">Karte</subfield><subfield code="0">(DE-588)4029783-4</subfield><subfield code="2">gnd</subfield></datafield><datafield ind1=" " ind2="7" tag="650"><subfield code="a">ALTES PALÄSTINA + HEILIGES LAND + GEBIET DER ISRAELITEN (ORTE DES ALTERTUMS)</subfield><subfield code="9">ger</subfield><subfield code="0">(ETHUDK)000001513</subfield><subfield code="2">ethudk</subfield></datafield><datafield ind1=" " ind2="7" tag="650"><subfield code="a">ARCHÄOLOGISCHE KARTEN</subfield><subfield code="9">ger</subfield><subfield code="0">(ETHUDK)000036762</subfield><subfield code="2">ethudk</subfield></datafield><datafield ind1=" " ind2="7" tag="650"><subfield code="a">GESCHICHTSKARTEN</subfield><subfield code="9">ger</subfield><subfield code="0">(ETHUDK)000036768</subfield><subfield code="2">ethudk</subfield></datafield><datafield ind1=" " ind2="7" tag="650"><subfield code="a">ISRAEL (WESTASIEN). STAAT ISRAEL</subfield><subfield code="9">ger</subfield><subfield code="0">(ETHUDK)000006717</subfield><subfield code="2">ethudk</subfield></datafield><datafield ind1=" " ind2="7" tag="650"><subfield code="a">PALÄSTINA, REGION, BIS 1948</subfield><subfield code="9">ger</subfield><subfield code="0">(ETHUDK)000001567</subfield><subfield code="2">ethudk</subfield></datafield><datafield ind1=" " ind2="7" tag="650"><subfield code="a">PALÄSTINA, WEST BANK, PALÄSTINENSISCHES GEBIET (NAHER OSTEN)</subfield><subfield code="9">ger</subfield><subfield code="0">(ETHUDK)000006700</subfield><subfield code="2">ethudk</subfield></datafield><datafield ind1=" " ind2="7" tag="650"><subfield code="a">Antiquité</subfield><subfield code="0">(IDREF)027789888</subfield><subfield code="2">idref</subfield></datafield><datafield ind1=" " ind2="7" tag="651"><subfield code="a">Palästina</subfield><subfield code="2">idszbzzk</subfield></datafield><datafield ind1=" " ind2="7" tag="651"><subfield code="a">Palästina</subfield><subfield code="0">(DE-588)4044381-4</subfield><subfield code="2">gnd</subfield></datafield><datafield ind1=" " ind2="0" tag="651"><subfield code="a">Israel</subfield><subfield code="v">Indexes</subfield><subfield code="x">Antiquities</subfield><subfield code="x">Maps</subfield></datafield><datafield ind1=" " ind2="0" tag="651"><subfield code="a">Israel</subfield><subfield code="v">Maps</subfield><subfield code="x">Antiquities</subfield></datafield><datafield ind1=" " ind2="0" tag="651"><subfield code="a">Israel</subfield><subfield code="v">Maps</subfield><subfield code="x">Historical geography</subfield></datafield><datafield ind1=" " ind2="0" tag="651"><subfield code="a">Palestine</subfield><subfield code="v">Maps</subfield></datafield><datafield ind1=" " ind2="0" tag="651"><subfield code="a">Palestine</subfield><subfield code="x">Antiquities</subfield><subfield code="v">Maps</subfield></datafield><datafield ind1=" " ind2="0" tag="651"><subfield code="a">Palestine</subfield><subfield code="x">Geskiedkundige aardrykskunde</subfield></datafield><datafield ind1=" " ind2="0" tag="651"><subfield code="a">Palestine</subfield><subfield code="x">Historical geography</subfield><subfield code="v">Maps</subfield></datafield><datafield ind1=" " ind2="0" tag="651"><subfield code="a">Palestine</subfield><subfield code="x">Maps</subfield></datafield><datafield ind1=" " ind2="7" tag="651"><subfield code="a">Palestine</subfield><subfield code="0">(IDREF)027244482</subfield><subfield code="2">idref</subfield></datafield><datafield ind1=" " ind2="7" tag="655"><subfield code="a">Cartes</subfield><subfield code="0">(IDREF)027497259</subfield><subfield code="2">idref</subfield></datafield><datafield ind1="1" ind2=" " tag="700"><subfield code="a">Wahle, Hermann</subfield><subfield code="0">(DE-588)1089259778</subfield></datafield><datafield ind1="1" ind2=" " tag="700"><subfield code="a">Höhne, Ernst</subfield><subfield code="0">(RERO)A003394259</subfield></datafield><datafield ind1=" " ind2=" " tag="900"><subfield code="a">IDSZ2zbzkar200901l</subfield><subfield code="c">IDSZ2oehr</subfield><subfield code="d">IDSZ2zbzswk200901c</subfield><subfield code="e">IDSZ2oehr</subfield></datafield></record>
</metadata></record>