<record><header><identifier>oai:alma.41SLSP_UGE:991000049359705502</identifier><datestamp>2023-06-27T00:14:40Z</datestamp><setSpec>uge_bcen_RapidILL_BOOK</setSpec><setSpec>uge_aaca_RapidILL_BOOK</setSpec><setSpec>uge_abels_RapidILL_BOOK</setSpec><setSpec>uge_dbu_RapidILL_BOOK</setSpec><setSpec>uge_cmu_RapidILL_BOOK</setSpec><setSpec>uge_mail_RapidILL_BOOK</setSpec><setSpec>uge_abbat_RapidILL_BOOK</setSpec><setSpec>UNIGE_ALL</setSpec><setSpec>uge_aobs_RapidILL_BOOK</setSpec><setSpec>uge_acar_RapidILL_BOOK</setSpec></header><metadata>
<record xmlns="http://www.loc.gov/MARC21/slim" xmlns:xsi="http://www.w3.org/2001/XMLSchema-instance" xsi:schemaLocation="http://www.loc.gov/MARC21/slim http://www.loc.gov/standards/marcxml/schema/MARC21slim.xsd"><leader>01629nam a2200445 c 4500</leader><controlfield tag="001">991000049359705502</controlfield><controlfield tag="005">20230625135222.0</controlfield><controlfield tag="008">201011m19951998ve ||||| |||| 00| ||spa d</controlfield><datafield ind1=" " ind2=" " tag="020"><subfield code="a">9802763098</subfield><subfield code="q">O.C.</subfield></datafield><datafield ind1=" " ind2=" " tag="020"><subfield code="a">9802763101</subfield><subfield code="q">Tomo I</subfield></datafield><datafield ind1=" " ind2=" " tag="020"><subfield code="a">980276311X</subfield><subfield code="q">Tomo II</subfield></datafield><datafield ind1=" " ind2=" " tag="020"><subfield code="a">9802763128</subfield><subfield code="q">Tomo III</subfield></datafield><datafield ind1="7" ind2=" " tag="024"><subfield code="a">http://catalogue.bnf.fr/ark:/12148/cb37526431f</subfield><subfield code="2">uri</subfield></datafield><datafield ind1=" " ind2=" " tag="035"><subfield code="a">(swissbib)229163807-41slsp_network</subfield></datafield><datafield ind1=" " ind2=" " tag="035"><subfield code="a">229163807</subfield><subfield code="9">ExL</subfield></datafield><datafield ind1=" " ind2=" " tag="035"><subfield code="a">(RERO)R229517860-41slsp</subfield></datafield><datafield ind1=" " ind2=" " tag="035"><subfield code="a">(NEBIS)009354158EBI01</subfield></datafield><datafield ind1=" " ind2=" " tag="035"><subfield code="a">(EXLNZ-41SLSP_NETWORK)991140073699705501</subfield></datafield><datafield ind1=" " ind2=" " tag="040"><subfield code="a">RERO labcud</subfield><subfield code="d">CH-ZuSLS</subfield></datafield><datafield ind1=" " ind2="7" tag="072"><subfield code="a">es</subfield><subfield code="2">rero</subfield></datafield><datafield ind1="1" ind2=" " tag="080"><subfield code="a">860(8)(03)</subfield></datafield><datafield ind1="0" ind2="0" tag="245"><subfield code="a">Diccionario enciclopédico de las letras de América latina</subfield><subfield code="b">DELAL</subfield><subfield code="c">[dir. José Ramón Medina]</subfield></datafield><datafield ind1="1" ind2="0" tag="246"><subfield code="a">DELAL</subfield></datafield><datafield ind1=" " ind2="1" tag="264"><subfield code="a">Caracas</subfield><subfield code="b">Biblioteca Ayacucho</subfield><subfield code="b">Monte Avila Latinoamericana</subfield><subfield code="c">1995-1998</subfield></datafield><datafield ind1=" " ind2=" " tag="300"><subfield code="a">3 vol.</subfield><subfield code="c">24 cm</subfield></datafield><datafield ind1=" " ind2=" " tag="336"><subfield code="b">txt</subfield><subfield code="2">rdacontent</subfield></datafield><datafield ind1=" " ind2=" " tag="337"><subfield code="b">n</subfield><subfield code="2">rdamedia</subfield></datafield><datafield ind1=" " ind2=" " tag="338"><subfield code="b">nc</subfield><subfield code="2">rdacarrier</subfield></datafield><datafield ind1="1" ind2=" " tag="490"><subfield code="a">Biblioteca Ayacucho</subfield></datafield><datafield ind1=" " ind2=" " tag="500"><subfield code="a">Tomo I: A-E ; Tomo II: F-N ; Tomo III: O-Z</subfield></datafield><datafield ind1=" " ind2="7" tag="650"><subfield code="a">Littérature hispano-américaine</subfield><subfield code="0">(IDREF)027459381</subfield><subfield code="2">idref</subfield></datafield><datafield ind1=" " ind2="7" tag="650"><subfield code="a">Schriftsteller</subfield><subfield code="0">(DE-588)4053309-8</subfield><subfield code="2">gnd</subfield></datafield><datafield ind1=" " ind2="7" tag="650"><subfield code="a">Literatur</subfield><subfield code="0">(DE-588)4035964-5</subfield><subfield code="2">gnd</subfield></datafield><datafield ind1=" " ind2="7" tag="651"><subfield code="a">Lateinamerika</subfield><subfield code="0">(DE-588)4074032-8</subfield><subfield code="2">gnd</subfield></datafield><datafield ind1=" " ind2="7" tag="655"><subfield code="a">Dictionnaires</subfield><subfield code="2">idref</subfield><subfield code="0">(IDREF)027232050</subfield></datafield><datafield ind1=" " ind2="7" tag="655"><subfield code="a">Encyclopédies</subfield><subfield code="0">(IDREF)028638166</subfield><subfield code="2">idref</subfield></datafield><datafield ind1=" " ind2="7" tag="655"><subfield code="a">Biografie</subfield><subfield code="2">gnd-content</subfield></datafield><datafield ind1=" " ind2="7" tag="655"><subfield code="a">Wörterbuch</subfield><subfield code="2">gnd-content</subfield></datafield><datafield ind1="1" ind2=" " tag="700"><subfield code="a">Medina, José Ramón</subfield><subfield code="d">1921-....</subfield></datafield><datafield ind1="1" ind2=" " tag="700"><subfield code="a">Medina, José Ramón</subfield><subfield code="d">1921-....</subfield><subfield code="0">(IDREF)028402499</subfield></datafield><datafield ind1=" " ind2="0" tag="830"><subfield code="a">Biblioteca Ayacucho</subfield><subfield code="w">(RERO)0852892-41slsp</subfield></datafield><datafield ind1=" " ind2=" " tag="993"><subfield code="a">BFLA 125773/3+1</subfield><subfield code="x">ge/ulhi/a/06/88</subfield><subfield code="9">LOCAL</subfield></datafield><datafield ind1=" " ind2=" " tag="993"><subfield code="a">BFLA 125773</subfield><subfield code="x">ge/ules/a/98/765/1-3</subfield><subfield code="x">ge/ules/a/99/48</subfield><subfield code="9">LOCAL</subfield></datafield></record>
</metadata></record>