<record><header><identifier>oai:alma.41SLSP_UGE:991000009119705502</identifier><datestamp>2023-03-29T00:16:47Z</datestamp><setSpec>uge_bcen_RapidILL_BOOK</setSpec><setSpec>uge_aaca_RapidILL_BOOK</setSpec><setSpec>uge_abels_RapidILL_BOOK</setSpec><setSpec>uge_dbu_RapidILL_BOOK</setSpec><setSpec>uge_cmu_RapidILL_BOOK</setSpec><setSpec>uge_mail_RapidILL_BOOK</setSpec><setSpec>uge_abbat_RapidILL_BOOK</setSpec><setSpec>UNIGE_ALL</setSpec><setSpec>uge_aobs_RapidILL_BOOK</setSpec><setSpec>uge_acar_RapidILL_BOOK</setSpec></header><metadata>
<record xmlns="http://www.loc.gov/MARC21/slim" xmlns:xsi="http://www.w3.org/2001/XMLSchema-instance" xsi:schemaLocation="http://www.loc.gov/MARC21/slim http://www.loc.gov/standards/marcxml/schema/MARC21slim.xsd"><leader>03489nam a2200373 c 4500</leader><controlfield tag="001">991000009119705502</controlfield><controlfield tag="005">20230328214940.0</controlfield><controlfield tag="008">000927s2000    fr ||||| |||| 00| ||fre d</controlfield><datafield ind1=" " ind2=" " tag="020"><subfield code="a">202032847X</subfield></datafield><datafield ind1=" " ind2=" " tag="020"><subfield code="a">9782020328470</subfield></datafield><datafield ind1="7" ind2=" " tag="024"><subfield code="a">http://catalogue.bnf.fr/ark:/12148/cb370950472</subfield><subfield code="2">uri</subfield></datafield><datafield ind1=" " ind2=" " tag="035"><subfield code="a">(swissbib)095450017-41slsp_network</subfield></datafield><datafield ind1=" " ind2=" " tag="035"><subfield code="a">095450017</subfield><subfield code="9">ExL</subfield></datafield><datafield ind1=" " ind2=" " tag="035"><subfield code="a">(RERO)R266019660-41slsp</subfield></datafield><datafield ind1=" " ind2=" " tag="035"><subfield code="a">(EXLNZ-41SLSP_NETWORK)991070136279705501</subfield></datafield><datafield ind1=" " ind2=" " tag="040"><subfield code="a">RERO nebpun</subfield><subfield code="d">CH-ZuSLS</subfield></datafield><datafield ind1="1" ind2=" " tag="041"><subfield code="a">fre</subfield><subfield code="h">eng</subfield><subfield code="h">ita</subfield></datafield><datafield ind1=" " ind2="7" tag="072"><subfield code="a">ps</subfield><subfield code="2">rero</subfield></datafield><datafield ind1="1" ind2=" " tag="080"><subfield code="a">615.851</subfield></datafield><datafield ind1="0" ind2="0" tag="245"><subfield code="a">Stratégie de la thérapie brève</subfield><subfield code="c">sous la dir. de Paul Watzlawick et Giorgio Nardone ; trad. de l'italien et de l'anglais par Lou Aubert</subfield></datafield><datafield ind1=" " ind2="1" tag="264"><subfield code="a">Paris</subfield><subfield code="b">Ed. du Seuil</subfield><subfield code="c">2000</subfield></datafield><datafield ind1=" " ind2=" " tag="300"><subfield code="a">290 p.</subfield><subfield code="c">21 cm</subfield></datafield><datafield ind1=" " ind2=" " tag="336"><subfield code="b">txt</subfield><subfield code="2">rdacontent</subfield></datafield><datafield ind1=" " ind2=" " tag="337"><subfield code="b">n</subfield><subfield code="2">rdamedia</subfield></datafield><datafield ind1=" " ind2=" " tag="338"><subfield code="b">nc</subfield><subfield code="2">rdacarrier</subfield></datafield><datafield ind1="1" ind2=" " tag="490"><subfield code="a">La couleur des idées</subfield></datafield><datafield ind1=" " ind2=" " tag="500"><subfield code="a">Trad. de: Terapia breve strategica</subfield></datafield><datafield ind1="0" ind2=" " tag="505"><subfield code="a">THÉORIE DE LA THÉRAPIE BRÈVE - La construction des &quot;réalités &quot; cliniques - La construction de la connaissance - L'influence du constructivisme sur la psychothérapie brève interactionnelle - Éthique et cybernétique de second ordre - Logique mathématique et logiques non ordinaires comme guides pour la résolution stratégique de problème - TECHNIQUE DE LA THÉRAPIE BRÈVE - Le langage qui guérit: la communication comme véhicule de changement thérapeutique - Les vertus de nos défauts : un concept clé de la thérapie éricksonienne - La technique psychothérapeutique du &quot;recadrage&quot; - Thérapie systémique individuelle - Thérapie brève : un développement centré sur la solution - Intégrer des modèles post-structuralistes de thérapie familiale brève - Histoires de psychothérapie - Des modèles généraux aux protocoles spécifiques de traitement : la Thérapie brève stratégique évoluée - La recherche-intervention clinique</subfield></datafield><datafield ind1="8" ind2=" " tag="520"><subfield code="a">Résoudre en peu de temps et d'une manière efficace la plupart des problèmes psychologiques - telle est l'ambition de la thérapie brève. Ses emprunts sont multiples : si elle s'autorise à puiser à des sources anciennes, comme la rhétorique grecque de la persuasion, ou l'art chinois du stratagème, et modernes, comme la réflexion contemporaine sur la suggestion et l'hypnose, l'épistémologie qui la sous-tend est délibérément constructiviste : le patient construit sa réalité, et la thérapie vise à défaire cet édifice pathologique, répétitif et fermé, pour ouvrir des possibilités nouvelles. &quot;Agis toujours de manière à augmenter le nombre des choix possibles&quot;: cette maxime de Heinz von Foerster, l'un des auteurs du présent recueil, pourrait servir d'emblème à cette manière de concevoir la psychothérapie. Outre la contribution de von Foerster, ce recueil offre au lecteur (dans la continuité de ce qu'on a pu appeler &quot;l'École de Palo Alto&quot;) un ensemble de textes qui lui permettront de saisir les principes théoriques majeurs de la thérapie brève stratégique, ainsi que sa technique, que l'on voit ici à l'oeuvre dans certains cas particulièrement éclairants</subfield><subfield code="5">RERO/ladupa/02.2014</subfield></datafield><datafield ind1=" " ind2="7" tag="650"><subfield code="a">Psychothérapie brève</subfield><subfield code="0">(IDREF)030439094</subfield><subfield code="2">idref</subfield></datafield><datafield ind1=" " ind2="7" tag="655"><subfield code="a">[Études diverses]</subfield><subfield code="0">(RERO)A022249905</subfield><subfield code="2">rero</subfield></datafield><datafield ind1="1" ind2=" " tag="700"><subfield code="a">Watzlawick, Paul</subfield><subfield code="d">1921-2007</subfield><subfield code="0">(IDREF)050326996</subfield></datafield><datafield ind1="1" ind2=" " tag="700"><subfield code="a">Aubert, Lou</subfield><subfield code="0">(RERO)A002950530</subfield></datafield><datafield ind1=" " ind2=" " tag="830"><subfield code="a">&lt;&lt;La&gt;&gt; couleur des idées</subfield><subfield code="w">(RERO)1069633-41slsp</subfield></datafield><datafield ind1=" " ind2=" " tag="900"><subfield code="a">REROnoselfmerge</subfield></datafield></record>
</metadata></record>