<record><header><identifier>oai:alma.41SLSP_UGE:991000049869705502</identifier><datestamp>2024-09-13T00:09:16Z</datestamp><setSpec>uge_bcen_RapidILL_BOOK</setSpec><setSpec>uge_aaca_RapidILL_BOOK</setSpec><setSpec>uge_abels_RapidILL_BOOK</setSpec><setSpec>uge_dbu_RapidILL_BOOK</setSpec><setSpec>uge_cmu_RapidILL_BOOK</setSpec><setSpec>uge_mail_RapidILL_BOOK</setSpec><setSpec>uge_abbat_RapidILL_BOOK</setSpec><setSpec>UNIGE_ALL</setSpec><setSpec>uge_aobs_RapidILL_BOOK</setSpec><setSpec>uge_acar_RapidILL_BOOK</setSpec></header><metadata>
<record xmlns="http://www.loc.gov/MARC21/slim" xmlns:xsi="http://www.w3.org/2001/XMLSchema-instance" xsi:schemaLocation="http://www.loc.gov/MARC21/slim http://www.loc.gov/standards/marcxml/schema/MARC21slim.xsd"><leader>02338nam a2200361 c 4500</leader><controlfield tag="001">991000049869705502</controlfield><controlfield tag="005">20240912212318.0</controlfield><controlfield tag="008">201012s1997    sz ||||| m||| 00| ||fre d</controlfield><datafield ind1=" " ind2=" " tag="019"><subfield code="a">Catalogage décrit: l'ex. de thèse.</subfield><subfield code="5">RERO/geucmu/07.1997</subfield></datafield><datafield ind1=" " ind2=" " tag="035"><subfield code="a">(swissbib)240300548-41slsp_network</subfield></datafield><datafield ind1=" " ind2=" " tag="035"><subfield code="a">240300548</subfield><subfield code="9">ExL</subfield></datafield><datafield ind1=" " ind2=" " tag="035"><subfield code="a">(RERO)R217547060-41slsp</subfield></datafield><datafield ind1=" " ind2=" " tag="035"><subfield code="a">(NEBIS)001793366EBI01</subfield></datafield><datafield ind1=" " ind2=" " tag="035"><subfield code="a">(EXLNZ-41SLSP_NETWORK)991127323719705501</subfield></datafield><datafield ind1=" " ind2=" " tag="040"><subfield code="a">RERO geucmu</subfield><subfield code="d">CH-ZuSLS</subfield></datafield><datafield ind1=" " ind2=" " tag="044"><subfield code="a">sz</subfield><subfield code="c">ch-ge</subfield></datafield><datafield ind1=" " ind2="7" tag="072"><subfield code="a">me</subfield><subfield code="2">rero</subfield></datafield><datafield ind1="1" ind2=" " tag="100"><subfield code="a">Schiffer, Véronique</subfield><subfield code="0">(RERO)A003796287</subfield><subfield code="4">cre</subfield></datafield><datafield ind1="1" ind2="0" tag="245"><subfield code="a">&lt;&lt;Le&gt;&gt; cytomégalovirus chez les transplantés du foie</subfield><subfield code="b">incidence et groupes à risque</subfield><subfield code="c">par Véronique Schiffer</subfield></datafield><datafield ind1=" " ind2="1" tag="264"><subfield code="a">Genève</subfield><subfield code="b">[éditeur non identifié]</subfield><subfield code="c">1997</subfield></datafield><datafield ind1=" " ind2=" " tag="300"><subfield code="a">75 f.</subfield><subfield code="b">ill.</subfield><subfield code="c">30 cm</subfield></datafield><datafield ind1=" " ind2=" " tag="336"><subfield code="b">txt</subfield><subfield code="2">rdacontent</subfield></datafield><datafield ind1=" " ind2=" " tag="337"><subfield code="b">n</subfield><subfield code="2">rdamedia</subfield></datafield><datafield ind1=" " ind2=" " tag="338"><subfield code="b">nc</subfield><subfield code="2">rdacarrier</subfield></datafield><datafield ind1=" " ind2=" " tag="500"><subfield code="a">Am Kopf der Titelseite: Université de Genève, Faculté de Médecine, Département de Chirurgie</subfield></datafield><datafield ind1=" " ind2=" " tag="502"><subfield code="a">Th. méd. Genève, 1997 ; Méd. 9849</subfield></datafield><datafield ind1=" " ind2=" " tag="508"><subfield code="a">Directeur de thèse: Docteur Gilles Mentha, privat docent</subfield></datafield><datafield ind1="8" ind2=" " tag="520"><subfield code="a">L'incidence de l'infection à CMV chez les receveurs d'organes est de l'ordre de 50 % alors que l'incidence de la maladie à CMV varie entre 15 et 25 %.</subfield><subfield code="5">RERO/geudbu/03.1998</subfield></datafield><datafield ind1="8" ind2=" " tag="520"><subfield code="a">Dans notre série (52 transplantations hépatiques), 12 malades ont eu une infection à CMV. Dix malades ont souffert d'une maladie à CMV (24 %) et ont présenté une augmentation significative d'infections opportunistes et/ou de bactériémies.</subfield><subfield code="5">RERO/geudbu/03.1998</subfield></datafield><datafield ind1="8" ind2=" " tag="520"><subfield code="a">La constellation d'un receveur CMV IgG négatif et d'un donneur CMV IgG positif est apparue comme seul risque significatif de maladie à CMV.</subfield><subfield code="5">RERO/geudbu/03.1998</subfield></datafield><datafield ind1="8" ind2=" " tag="520"><subfield code="a">Ces résultats ont conduit à une modification de notre protocole de prévention du CMV chez les transplantés hépatiques en recherchant chaque semaine l'&quot;Early Antigen&quot;, en abandonnant la prophylaxie d'Immunoglobulines, en introduisant un traitement prophylactique de gancyclovir aux receveurs CMV-négatifs d'un organe CMV-positif et finalement en administrant une prophylaxie de triméthoprime-sulfaméthoxazole pour tout adulte ayant une maladie à CMV.</subfield><subfield code="5">RERO/geudbu/03.1998</subfield></datafield><datafield ind1=" " ind2="2" tag="655"><subfield code="a">Academic Dissertation</subfield></datafield><datafield ind1=" " ind2="7" tag="655"><subfield code="a">Hochschulschrift</subfield><subfield code="2">gnd-content</subfield></datafield><datafield ind1=" " ind2=" " tag="900"><subfield code="a">REROnoselfmerge</subfield></datafield></record>
</metadata></record>