<record><header><identifier>oai:alma.41SLSP_UGE:991000008909705502</identifier><datestamp>2023-03-01T01:08:47Z</datestamp><setSpec>uge_bcen_RapidILL_BOOK</setSpec><setSpec>uge_aaca_RapidILL_BOOK</setSpec><setSpec>uge_abels_RapidILL_BOOK</setSpec><setSpec>uge_dbu_RapidILL_BOOK</setSpec><setSpec>uge_cmu_RapidILL_BOOK</setSpec><setSpec>uge_mail_RapidILL_BOOK</setSpec><setSpec>UNIGE_ALL</setSpec><setSpec>uge_abbat_RapidILL_BOOK</setSpec><setSpec>uge_aobs_RapidILL_BOOK</setSpec><setSpec>uge_acar_RapidILL_BOOK</setSpec></header><metadata>
<record xmlns="http://www.loc.gov/MARC21/slim" xmlns:xsi="http://www.w3.org/2001/XMLSchema-instance" xsi:schemaLocation="http://www.loc.gov/MARC21/slim http://www.loc.gov/standards/marcxml/schema/MARC21slim.xsd"><leader>01410nam a2200397 c 4500</leader><controlfield tag="001">991000008909705502</controlfield><controlfield tag="005">20210207172746.0</controlfield><controlfield tag="008">201011s2001    cu       b    000 0 spa d</controlfield><datafield ind1=" " ind2=" " tag="020"><subfield code="a">9592093962</subfield></datafield><datafield ind1=" " ind2=" " tag="020"><subfield code="a">9789592093966</subfield></datafield><datafield ind1=" " ind2=" " tag="035"><subfield code="a">(swissbib)229604110-41slsp_network</subfield></datafield><datafield ind1=" " ind2=" " tag="035"><subfield code="a">229604110</subfield><subfield code="9">ExL</subfield></datafield><datafield ind1=" " ind2=" " tag="035"><subfield code="a">(RERO)R009081117-41slsp</subfield></datafield><datafield ind1=" " ind2=" " tag="035"><subfield code="a">(NEBIS)009498272EBI01</subfield></datafield><datafield ind1=" " ind2=" " tag="035"><subfield code="a">(OCoLC)50807825</subfield></datafield><datafield ind1=" " ind2=" " tag="035"><subfield code="a">(EXLNZ-41SLSP_NETWORK)991017541599705501</subfield></datafield><datafield ind1=" " ind2=" " tag="040"><subfield code="a">FUG</subfield><subfield code="b">eng</subfield><subfield code="d">CH-ZuSLS</subfield></datafield><datafield ind1=" " ind2="4" tag="050"><subfield code="a">BL2566.C9</subfield><subfield code="b">J34 2001</subfield></datafield><datafield ind1=" " ind2="7" tag="072"><subfield code="a">th</subfield><subfield code="2">rero</subfield></datafield><datafield ind1=" " ind2="7" tag="072"><subfield code="a">et</subfield><subfield code="2">rero</subfield></datafield><datafield ind1="1" ind2=" " tag="100"><subfield code="a">James Figarola, Joel</subfield><subfield code="d">1942-2006</subfield><subfield code="0">(IDREF)108929485</subfield><subfield code="4">aut</subfield></datafield><datafield ind1="1" ind2="0" tag="245"><subfield code="a">Sistemas mágico-religiosos cubanos</subfield><subfield code="b">principios rectores</subfield><subfield code="c">Joel James Figarola</subfield></datafield><datafield ind1=" " ind2="1" tag="264"><subfield code="a">El Vedado, Ciudad de la Habana</subfield><subfield code="b">Ediciones UNIÓN, Unión de Escritores y Artistas de Cuba</subfield><subfield code="c">[2001]</subfield></datafield><datafield ind1=" " ind2="3" tag="264"><subfield code="a">Bogotá, Colombia</subfield><subfield code="b">Quebecor World Bogotá</subfield></datafield><datafield ind1=" " ind2=" " tag="300"><subfield code="a">198 pages</subfield><subfield code="c">19 cm</subfield></datafield><datafield ind1=" " ind2=" " tag="336"><subfield code="b">txt</subfield><subfield code="2">rdacontent</subfield></datafield><datafield ind1=" " ind2=" " tag="337"><subfield code="b">n</subfield><subfield code="2">rdamedia</subfield></datafield><datafield ind1=" " ind2=" " tag="338"><subfield code="b">nc</subfield><subfield code="2">rdacarrier</subfield></datafield><datafield ind1=" " ind2=" " tag="504"><subfield code="a">Includes bibliographical references (pages 197-198)</subfield></datafield><datafield ind1=" " ind2="0" tag="650"><subfield code="a">Religion and culture</subfield><subfield code="z">Cuba</subfield></datafield><datafield ind1=" " ind2="7" tag="650"><subfield code="a">Religion</subfield><subfield code="0">(DE-588)4049396-9</subfield><subfield code="2">gnd</subfield></datafield><datafield ind1=" " ind2="0" tag="651"><subfield code="a">Cuba</subfield><subfield code="x">Religion</subfield></datafield><datafield ind1=" " ind2="0" tag="651"><subfield code="a">Cuba</subfield><subfield code="x">Religious life and customs</subfield></datafield><datafield ind1=" " ind2="7" tag="651"><subfield code="a">Kuba</subfield><subfield code="0">(DE-588)4033340-1</subfield><subfield code="2">gnd</subfield></datafield><datafield ind1="1" ind2=" " tag="700"><subfield code="a">James Figarola, Joel</subfield></datafield><datafield ind1=" " ind2=" " tag="900"><subfield code="a">REROnoselfmerge</subfield></datafield><datafield ind1=" " ind2=" " tag="910"><subfield code="a">OCoLC</subfield><subfield code="b">20200921</subfield><subfield code="c">Réutilisation sous conditions: Licence ODC-BY</subfield></datafield></record>
</metadata></record>