<record><header><identifier>oai:alma.41SLSP_UGE:991000046609705502</identifier><datestamp>2023-03-01T01:08:47Z</datestamp><setSpec>uge_bcen_RapidILL_BOOK</setSpec><setSpec>uge_aaca_RapidILL_BOOK</setSpec><setSpec>uge_abels_RapidILL_BOOK</setSpec><setSpec>uge_dbu_RapidILL_BOOK</setSpec><setSpec>uge_cmu_RapidILL_BOOK</setSpec><setSpec>uge_mail_RapidILL_BOOK</setSpec><setSpec>UNIGE_ALL</setSpec><setSpec>uge_abbat_RapidILL_BOOK</setSpec><setSpec>uge_aobs_RapidILL_BOOK</setSpec><setSpec>uge_acar_RapidILL_BOOK</setSpec></header><metadata>
<record xmlns="http://www.loc.gov/MARC21/slim" xmlns:xsi="http://www.w3.org/2001/XMLSchema-instance" xsi:schemaLocation="http://www.loc.gov/MARC21/slim http://www.loc.gov/standards/marcxml/schema/MARC21slim.xsd"><leader>01614nam a2200517 c 4500</leader><controlfield tag="001">991000046609705502</controlfield><controlfield tag="005">20210207212840.0</controlfield><controlfield tag="008">201011t19991999gw ||||| |||| 00| ||eng d</controlfield><datafield ind1=" " ind2=" " tag="020"><subfield code="a">3540646310</subfield></datafield><datafield ind1=" " ind2=" " tag="035"><subfield code="a">(swissbib)221831266-41slsp_network</subfield></datafield><datafield ind1=" " ind2=" " tag="035"><subfield code="a">221831266</subfield><subfield code="9">ExL</subfield></datafield><datafield ind1=" " ind2=" " tag="035"><subfield code="a">(RERO)R238101260-41slsp</subfield></datafield><datafield ind1=" " ind2=" " tag="035"><subfield code="a">(NEBIS)001934479EBI01</subfield></datafield><datafield ind1=" " ind2=" " tag="035"><subfield code="a">(EXLNZ-41SLSP_NETWORK)991081302489705501</subfield></datafield><datafield ind1=" " ind2=" " tag="040"><subfield code="a">RERO geucmu</subfield><subfield code="d">CH-ZuSLS</subfield></datafield><datafield ind1=" " ind2=" " tag="050"><subfield code="a">QH607</subfield><subfield code="b">.R4 vol. 23</subfield></datafield><datafield ind1=" " ind2=" " tag="060"><subfield code="a">W1</subfield><subfield code="b">RE248X v.23 1999</subfield></datafield><datafield ind1=" " ind2=" " tag="060"><subfield code="a">QH 671</subfield><subfield code="b">A6437 1999</subfield></datafield><datafield ind1=" " ind2="7" tag="072"><subfield code="a">me</subfield><subfield code="2">rero</subfield></datafield><datafield ind1="0" ind2="0" tag="082"><subfield code="a">571.8/35 s</subfield><subfield code="a">571.9/36</subfield><subfield code="2">21</subfield></datafield><datafield ind1="0" ind2="0" tag="082"><subfield code="a">571.9/36</subfield><subfield code="2">21</subfield></datafield><datafield ind1="0" ind2="0" tag="082"><subfield code="a">571.6 R436</subfield></datafield><datafield ind1="0" ind2="4" tag="082"><subfield code="a">571.835</subfield><subfield code="2">21</subfield></datafield><datafield ind1="0" ind2="4" tag="082"><subfield code="a">571.8 35 s</subfield><subfield code="2">21</subfield></datafield><datafield ind1="0" ind2="4" tag="082"><subfield code="a">571.8</subfield></datafield><datafield ind1="1" ind2="4" tag="082"><subfield code="a">571.835</subfield><subfield code="2">22</subfield></datafield><datafield ind1="1" ind2="4" tag="082"><subfield code="a">571.936</subfield><subfield code="2">22</subfield></datafield><datafield ind1="0" ind2="0" tag="245"><subfield code="a">Apoptosis</subfield><subfield code="b">biology and mechanisms</subfield><subfield code="c">S. Kumar (ed.)</subfield></datafield><datafield ind1=" " ind2="1" tag="264"><subfield code="a">Berlin</subfield><subfield code="b">Springer</subfield><subfield code="c">[1999]</subfield></datafield><datafield ind1=" " ind2="4" tag="264"><subfield code="c">© 1999</subfield></datafield><datafield ind1=" " ind2=" " tag="300"><subfield code="a">XI, 233 p.</subfield><subfield code="b">ill.</subfield><subfield code="c">25 cm</subfield></datafield><datafield ind1=" " ind2=" " tag="336"><subfield code="b">txt</subfield><subfield code="2">rdacontent</subfield></datafield><datafield ind1=" " ind2=" " tag="337"><subfield code="b">n</subfield><subfield code="2">rdamedia</subfield></datafield><datafield ind1=" " ind2=" " tag="338"><subfield code="b">nc</subfield><subfield code="2">rdacarrier</subfield></datafield><datafield ind1="1" ind2=" " tag="490"><subfield code="a">Results and problems in cell differentiation</subfield><subfield code="v">23</subfield></datafield><datafield ind1=" " ind2="2" tag="650"><subfield code="a">Apoptosis</subfield></datafield><datafield ind1=" " ind2="7" tag="650"><subfield code="a">Apoptosis</subfield><subfield code="2">idszbz</subfield></datafield><datafield ind1=" " ind2="7" tag="650"><subfield code="a">Apoptosis</subfield><subfield code="0">(DE-588)4291096-1</subfield><subfield code="2">gnd</subfield></datafield><datafield ind1=" " ind2="7" tag="650"><subfield code="a">Molekularpathologie</subfield><subfield code="0">(DE-588)4170396-0</subfield><subfield code="2">gnd</subfield></datafield><datafield ind1=" " ind2="0" tag="650"><subfield code="a">Apoptosis</subfield></datafield><datafield ind1=" " ind2="0" tag="650"><subfield code="a">Cell death</subfield></datafield><datafield ind1=" " ind2="7" tag="650"><subfield code="a">APOPTOSE (CYTOLOGIE)</subfield><subfield code="9">ger</subfield><subfield code="0">(ETHUDK)000055487</subfield><subfield code="2">ethudk</subfield></datafield><datafield ind1=" " ind2="7" tag="655"><subfield code="a">Aufsatzsammlung</subfield><subfield code="2">gnd-content</subfield></datafield><datafield ind1=" " ind2="7" tag="655"><subfield code="a">Aufsatzsammlung</subfield><subfield code="2">idszbz</subfield></datafield><datafield ind1="1" ind2=" " tag="700"><subfield code="a">Kumar, Sharad</subfield><subfield code="d">1958-....</subfield><subfield code="0">(IDREF)050390694</subfield></datafield><datafield ind1=" " ind2="0" tag="830"><subfield code="a">Results and problems in cell differentiation</subfield><subfield code="v">23</subfield><subfield code="w">(NEBIS)000031575EBI01</subfield></datafield><datafield ind1=" " ind2=" " tag="900"><subfield code="a">REROnoselfmerge</subfield></datafield></record>
</metadata></record>