<record><header><identifier>oai:alma.41SLSP_UGE:991000046719705502</identifier><datestamp>2023-04-08T00:16:35Z</datestamp><setSpec>uge_bcen_RapidILL_BOOK</setSpec><setSpec>uge_aaca_RapidILL_BOOK</setSpec><setSpec>uge_abels_RapidILL_BOOK</setSpec><setSpec>uge_dbu_RapidILL_BOOK</setSpec><setSpec>uge_cmu_RapidILL_BOOK</setSpec><setSpec>uge_mail_RapidILL_BOOK</setSpec><setSpec>uge_abbat_RapidILL_BOOK</setSpec><setSpec>UNIGE_ALL</setSpec><setSpec>uge_aobs_RapidILL_BOOK</setSpec><setSpec>uge_acar_RapidILL_BOOK</setSpec></header><metadata>
<record xmlns="http://www.loc.gov/MARC21/slim" xmlns:xsi="http://www.w3.org/2001/XMLSchema-instance" xsi:schemaLocation="http://www.loc.gov/MARC21/slim http://www.loc.gov/standards/marcxml/schema/MARC21slim.xsd"><leader>02174nam a2200541 c 4500</leader><controlfield tag="001">991000046719705502</controlfield><controlfield tag="005">20230406191519.0</controlfield><controlfield tag="008">201012s2003    xxk||||| |||| 00| ||eng d</controlfield><datafield ind1=" " ind2=" " tag="015"><subfield code="a">GBA2-X0085</subfield></datafield><datafield ind1=" " ind2=" " tag="020"><subfield code="a">0071378227</subfield></datafield><datafield ind1=" " ind2=" " tag="035"><subfield code="a">(swissbib)24041490X-41slsp_network</subfield></datafield><datafield ind1=" " ind2=" " tag="035"><subfield code="a">24041490X</subfield><subfield code="9">ExL</subfield></datafield><datafield ind1=" " ind2=" " tag="035"><subfield code="a">(RERO)R003626610-41slsp</subfield></datafield><datafield ind1=" " ind2=" " tag="035"><subfield code="a">(NEBIS)004349491EBI01</subfield></datafield><datafield ind1=" " ind2=" " tag="035"><subfield code="a">(EXLNZ-41SLSP_NETWORK)991144888709705501</subfield></datafield><datafield ind1=" " ind2=" " tag="040"><subfield code="a">RERO geussa</subfield><subfield code="d">CH-ZuSLS</subfield></datafield><datafield ind1=" " ind2=" " tag="050"><subfield code="a">QH366.2</subfield><subfield code="b">.C367 2002</subfield></datafield><datafield ind1=" " ind2="7" tag="072"><subfield code="a">bi</subfield><subfield code="2">rero</subfield></datafield><datafield ind1="0" ind2="0" tag="082"><subfield code="a">576</subfield><subfield code="2">21</subfield></datafield><datafield ind1="0" ind2="4" tag="082"><subfield code="a">572.838</subfield><subfield code="2">21</subfield></datafield><datafield ind1="1" ind2=" " tag="100"><subfield code="a">Caporale, Lynn Helena</subfield><subfield code="d">19..-....</subfield><subfield code="0">(IDREF)081779119</subfield><subfield code="4">cre</subfield></datafield><datafield ind1="1" ind2="0" tag="245"><subfield code="a">Darwin in the genome</subfield><subfield code="b">molecular strategies in biological evolution</subfield><subfield code="c">Lynn Helena Caporale</subfield></datafield><datafield ind1=" " ind2="1" tag="264"><subfield code="a">New York [etc.]</subfield><subfield code="b">McGraw-Hill</subfield><subfield code="c">2003</subfield></datafield><datafield ind1=" " ind2=" " tag="300"><subfield code="a">X, 245 p.</subfield><subfield code="b">ill.</subfield><subfield code="c">24 cm</subfield></datafield><datafield ind1=" " ind2=" " tag="336"><subfield code="b">txt</subfield><subfield code="2">rdacontent</subfield></datafield><datafield ind1=" " ind2=" " tag="337"><subfield code="b">n</subfield><subfield code="2">rdamedia</subfield></datafield><datafield ind1=" " ind2=" " tag="338"><subfield code="b">nc</subfield><subfield code="2">rdacarrier</subfield></datafield><datafield ind1=" " ind2=" " tag="504"><subfield code="a">Contains glossary, bibliographical notes and index</subfield></datafield><datafield ind1=" " ind2="7" tag="650"><subfield code="a">Biologie moléculaire</subfield><subfield code="0">(IDREF)027221369</subfield><subfield code="2">idref</subfield></datafield><datafield ind1=" " ind2="7" tag="650"><subfield code="a">Darwinisme</subfield><subfield code="0">(IDREF)027292185</subfield><subfield code="2">idref</subfield></datafield><datafield ind1=" " ind2="7" tag="650"><subfield code="a">Évolution (biologie)</subfield><subfield code="0">(IDREF)033366004</subfield><subfield code="2">idref</subfield></datafield><datafield ind1=" " ind2="7" tag="650"><subfield code="a">Génome humain</subfield><subfield code="0">(IDREF)033308659</subfield><subfield code="2">idref</subfield></datafield><datafield ind1=" " ind2="7" tag="650"><subfield code="a">Homme</subfield><subfield code="0">(IDREF)027271013</subfield><subfield code="2">idref</subfield></datafield><datafield ind1=" " ind2="7" tag="650"><subfield code="a">Evolution</subfield><subfield code="2">idszbz</subfield></datafield><datafield ind1=" " ind2="7" tag="650"><subfield code="a">Genom</subfield><subfield code="2">idszbz</subfield></datafield><datafield ind1=" " ind2="0" tag="650"><subfield code="a">Evolutionary genetics</subfield></datafield><datafield ind1=" " ind2="0" tag="650"><subfield code="a">Genomes</subfield></datafield><datafield ind1=" " ind2="0" tag="650"><subfield code="a">Molecular evolution</subfield></datafield><datafield ind1=" " ind2="7" tag="650"><subfield code="a">Evolutionsbiologie</subfield><subfield code="0">(DE-588)4153283-1</subfield><subfield code="2">gnd</subfield></datafield><datafield ind1=" " ind2="7" tag="650"><subfield code="a">Genom</subfield><subfield code="0">(DE-588)4156640-3</subfield><subfield code="2">gnd</subfield></datafield><datafield ind1=" " ind2="7" tag="650"><subfield code="a">Molekulargenetik</subfield><subfield code="0">(DE-588)4039987-4</subfield><subfield code="2">gnd</subfield></datafield><datafield ind1=" " ind2="0" tag="650"><subfield code="a">Evolution (Biology)</subfield></datafield><datafield ind1=" " ind2="7" tag="650"><subfield code="a">ANTHROPOGENESE + MENSCHLICHE EVOLUTION (PHYLOGENESE, BIOLOGIE)</subfield><subfield code="9">ger</subfield><subfield code="0">(ETHUDK)000021389</subfield><subfield code="2">ethudk</subfield></datafield><datafield ind1=" " ind2="7" tag="650"><subfield code="a">DARWINISMUS (BIOLOGISCHE EVOLUTIONSTHEORIEN)</subfield><subfield code="9">ger</subfield><subfield code="0">(ETHUDK)000021571</subfield><subfield code="2">ethudk</subfield></datafield><datafield ind1=" " ind2="7" tag="650"><subfield code="a">EVOLUTIONSTHEORIEN (BIOLOGISCHE EVOLUTION)</subfield><subfield code="9">ger</subfield><subfield code="0">(ETHUDK)000021570</subfield><subfield code="2">ethudk</subfield></datafield><datafield ind1=" " ind2="7" tag="650"><subfield code="a">MENSCHLICHE CHROMOSOMEN + MENSCHLICHES GENOM</subfield><subfield code="9">ger</subfield><subfield code="0">(ETHUDK)000026034</subfield><subfield code="2">ethudk</subfield></datafield><datafield ind1=" " ind2="7" tag="650"><subfield code="a">NATÜRLICHE SELEKTION (BIOLOGISCHE EVOLUTION)</subfield><subfield code="9">ger</subfield><subfield code="0">(ETHUDK)000021560</subfield><subfield code="2">ethudk</subfield></datafield><datafield ind1=" " ind2=" " tag="900"><subfield code="a">REROnoselfmerge</subfield></datafield><datafield ind1=" " ind2=" " tag="900"><subfield code="a">IDSZ2zbzmon200301l</subfield><subfield code="c">IDSZ2jaeg</subfield><subfield code="d">IDSZ2zbzswk200302b</subfield><subfield code="e">IDSZ2wart</subfield></datafield></record>
</metadata></record>