<record><header><identifier>oai:alma.41SLSP_UGE:991000008699705502</identifier><datestamp>2023-03-03T01:08:27Z</datestamp><setSpec>uge_bcen_RapidILL_BOOK</setSpec><setSpec>uge_aaca_RapidILL_BOOK</setSpec><setSpec>uge_abels_RapidILL_BOOK</setSpec><setSpec>uge_dbu_RapidILL_BOOK</setSpec><setSpec>uge_cmu_RapidILL_BOOK</setSpec><setSpec>uge_mail_RapidILL_BOOK</setSpec><setSpec>uge_abbat_RapidILL_BOOK</setSpec><setSpec>UNIGE_ALL</setSpec><setSpec>uge_acar_RapidILL_BOOK</setSpec><setSpec>uge_aobs_RapidILL_BOOK</setSpec></header><metadata>
<record xmlns="http://www.loc.gov/MARC21/slim" xmlns:xsi="http://www.w3.org/2001/XMLSchema-instance" xsi:schemaLocation="http://www.loc.gov/MARC21/slim http://www.loc.gov/standards/marcxml/schema/MARC21slim.xsd"><leader>02816nam a2200625 c 4500</leader><controlfield tag="001">991000008699705502</controlfield><controlfield tag="005">20230302175758.0</controlfield><controlfield tag="008">201011s1987    sz ||||| |||| 10| ||ger d</controlfield><datafield ind1=" " ind2=" " tag="020"><subfield code="a">3260051686</subfield></datafield><datafield ind1=" " ind2=" " tag="035"><subfield code="a">(swissbib)224674943-41slsp_network</subfield></datafield><datafield ind1=" " ind2=" " tag="035"><subfield code="a">224674943</subfield><subfield code="9">ExL</subfield></datafield><datafield ind1=" " ind2=" " tag="035"><subfield code="a">(RERO)1246167-41slsp</subfield></datafield><datafield ind1=" " ind2=" " tag="035"><subfield code="a">(IDSBB)005550481DSV01</subfield></datafield><datafield ind1=" " ind2=" " tag="035"><subfield code="a">(IDSLU)000117264ILU01</subfield></datafield><datafield ind1=" " ind2=" " tag="035"><subfield code="a">(NEBIS)000389070EBI01</subfield></datafield><datafield ind1=" " ind2=" " tag="035"><subfield code="a">(EXLNZ-41SLSP_NETWORK)991143223949705501</subfield></datafield><datafield ind1=" " ind2=" " tag="040"><subfield code="a">RERO laiuhm</subfield><subfield code="d">CH-ZuSLS</subfield></datafield><datafield ind1="0" ind2=" " tag="041"><subfield code="a">ger</subfield><subfield code="a">eng</subfield><subfield code="a">fre</subfield></datafield><datafield ind1=" " ind2="7" tag="072"><subfield code="a">pa</subfield><subfield code="2">rero</subfield></datafield><datafield ind1=" " ind2="7" tag="072"><subfield code="a">hg</subfield><subfield code="2">rero</subfield></datafield><datafield ind1=" " ind2="7" tag="072"><subfield code="a">33</subfield><subfield code="2">IDS LU</subfield></datafield><datafield ind1="0" ind2="4" tag="082"><subfield code="a">615.1/09</subfield><subfield code="2">19</subfield></datafield><datafield ind1="0" ind2="0" tag="245"><subfield code="a">Panorama der Pharmaziegeschichte</subfield><subfield code="b">= Panorama of history of pharmacy : 13 subjects of 12 countries</subfield><subfield code="c">ed. by Hans-Rudolf Fehlmann, Cora Hartmeier-Sutter</subfield></datafield><datafield ind1="1" ind2=" " tag="246"><subfield code="a">Panorama d'histoire de la pharmacie</subfield></datafield><datafield ind1="1" ind2=" " tag="246"><subfield code="a">Panorama of history of pharmacy</subfield></datafield><datafield ind1=" " ind2="1" tag="264"><subfield code="a">Zürich</subfield><subfield code="b">Juris Druck</subfield><subfield code="c">1987</subfield></datafield><datafield ind1=" " ind2=" " tag="300"><subfield code="a">115 S.</subfield><subfield code="b">Ill., Tab.</subfield><subfield code="c">23 cm</subfield></datafield><datafield ind1=" " ind2=" " tag="336"><subfield code="b">txt</subfield><subfield code="2">rdacontent</subfield></datafield><datafield ind1=" " ind2=" " tag="337"><subfield code="b">n</subfield><subfield code="2">rdamedia</subfield></datafield><datafield ind1=" " ind2=" " tag="338"><subfield code="b">nc</subfield><subfield code="2">rdacarrier</subfield></datafield><datafield ind1="1" ind2=" " tag="490"><subfield code="a">Veröffentlichungen der Schweizerischen Gesellschaft für Geschichte der Pharmazie</subfield><subfield code="v">Bd. 7</subfield></datafield><datafield ind1=" " ind2=" " tag="500"><subfield code="a">History division FIP Montreux 1983</subfield></datafield><datafield ind1=" " ind2=" " tag="500"><subfield code="a">Contient une partie des exposés présentés lors du congrès organisé par la Fédération internationale pharmaceutique à Montreux en 1983</subfield></datafield><datafield ind1=" " ind2=" " tag="500"><subfield code="a">Enthält Beiträge in deutscher, englischer und französischer Sprache</subfield></datafield><datafield ind1=" " ind2=" " tag="500"><subfield code="a">Referate einer Vortragsreihe anlässlich des Kongresses der Fédération International Pharmaceutique 1983 in Montreux</subfield></datafield><datafield ind1=" " ind2="7" tag="650"><subfield code="a">Pharmacie</subfield><subfield code="0">(IDREF)027246620</subfield><subfield code="2">idref</subfield></datafield><datafield ind1=" " ind2="7" tag="650"><subfield code="a">2500 av. J.-C.-20e siècle</subfield><subfield code="0">(RERO)A026984216</subfield><subfield code="2">rero</subfield></datafield><datafield ind1=" " ind2="7" tag="650"><subfield code="a">Antiquité</subfield><subfield code="0">(IDREF)027789888</subfield><subfield code="2">idref</subfield></datafield><datafield ind1=" " ind2="7" tag="650"><subfield code="a">Geschichte</subfield><subfield code="0">(DE-588)4020517-4</subfield><subfield code="2">gnd</subfield></datafield><datafield ind1=" " ind2="7" tag="650"><subfield code="a">Kongress</subfield><subfield code="0">(DE-588)4130470-6</subfield><subfield code="2">gnd</subfield></datafield><datafield ind1=" " ind2="7" tag="650"><subfield code="a">Pharmazie</subfield><subfield code="0">(DE-588)4045705-9</subfield><subfield code="2">gnd</subfield></datafield><datafield ind1=" " ind2="0" tag="650"><subfield code="a">Drugs</subfield><subfield code="x">History</subfield></datafield><datafield ind1=" " ind2="0" tag="650"><subfield code="a">Pharmacy</subfield><subfield code="x">History</subfield></datafield><datafield ind1=" " ind2="0" tag="650"><subfield code="a">Pharmacy</subfield><subfield code="x">History</subfield><subfield code="v">Congresses</subfield></datafield><datafield ind1=" " ind2="7" tag="650"><subfield code="a">GESCHICHTE DER PHARMAZIE</subfield><subfield code="9">ger</subfield><subfield code="0">(ETHUDK)000041242</subfield><subfield code="2">ethudk</subfield></datafield><datafield ind1=" " ind2="7" tag="655"><subfield code="a">Actes de congrès</subfield><subfield code="0">(IDREF)02886431X</subfield><subfield code="2">idref</subfield></datafield><datafield ind1=" " ind2="7" tag="655"><subfield code="a">Konferenzschrift</subfield><subfield code="z">Montreux</subfield><subfield code="y">1983</subfield><subfield code="2">gnd-content</subfield></datafield><datafield ind1=" " ind2=" " tag="690"><subfield code="a">Pharmazie. Geschichte. A. Aufsätze</subfield><subfield code="2">rzs-L1</subfield></datafield><datafield ind1=" " ind2=" " tag="690"><subfield code="a">Pharmaziegeschichte</subfield><subfield code="2">uzb-UU</subfield></datafield><datafield ind1=" " ind2=" " tag="690"><subfield code="a">Pharmakologie / Geschichte</subfield><subfield code="2">uzb-Z9</subfield></datafield><datafield ind1="1" ind2=" " tag="700"><subfield code="a">Hartmeier-Sutter, Cora</subfield></datafield><datafield ind1="1" ind2=" " tag="700"><subfield code="a">Fehlmann, Hans-Rudolf</subfield><subfield code="d">1919-2005</subfield><subfield code="0">(DE-588)122514688</subfield><subfield code="6">880-02</subfield></datafield><datafield ind1="1" ind2=" " tag="880"><subfield code="6">700-02</subfield><subfield code="a">Fehlmann, Hans-Rudolf</subfield><subfield code="0">(IDREF)191460095</subfield></datafield><datafield ind1=" " ind2="0" tag="830"><subfield code="a">Veröffentlichungen der Schweizerischen Gesellschaft für Geschichte der Pharmacie</subfield><subfield code="v">7</subfield><subfield code="w">(RERO)0570039-41slsp</subfield></datafield><datafield ind1=" " ind2="0" tag="830"><subfield code="a">Veröffentlichungen der Schweizerischen Gesellschaft für Geschichte der Pharmazie</subfield><subfield code="v">7</subfield><subfield code="w">(IDSLU)000157979ILU01</subfield></datafield><datafield ind1=" " ind2=" " tag="900"><subfield code="a">REROnoselfmerge</subfield></datafield></record>
</metadata></record>