<record><header><identifier>oai:alma.41SLSP_UGE:991000049769705502</identifier><datestamp>2023-03-01T01:08:47Z</datestamp><setSpec>uge_bcen_RapidILL_BOOK</setSpec><setSpec>uge_aaca_RapidILL_BOOK</setSpec><setSpec>uge_abels_RapidILL_BOOK</setSpec><setSpec>uge_dbu_RapidILL_BOOK</setSpec><setSpec>uge_cmu_RapidILL_BOOK</setSpec><setSpec>uge_mail_RapidILL_BOOK</setSpec><setSpec>UNIGE_ALL</setSpec><setSpec>uge_abbat_RapidILL_BOOK</setSpec><setSpec>uge_aobs_RapidILL_BOOK</setSpec><setSpec>uge_acar_RapidILL_BOOK</setSpec></header><metadata>
<record xmlns="http://www.loc.gov/MARC21/slim" xmlns:xsi="http://www.w3.org/2001/XMLSchema-instance" xsi:schemaLocation="http://www.loc.gov/MARC21/slim http://www.loc.gov/standards/marcxml/schema/MARC21slim.xsd"><leader>01179nam a2200253 c 4500</leader><controlfield tag="001">991000049769705502</controlfield><controlfield tag="005">20201126051333.0</controlfield><controlfield tag="008">080602s1989    sz ||||| |||| 10| ||fre d</controlfield><datafield ind1=" " ind2=" " tag="020"><subfield code="a">9261037321</subfield></datafield><datafield ind1=" " ind2=" " tag="035"><subfield code="a">(swissbib)106804286-41slsp_network</subfield></datafield><datafield ind1=" " ind2=" " tag="035"><subfield code="a">106804286</subfield><subfield code="9">ExL</subfield></datafield><datafield ind1=" " ind2=" " tag="035"><subfield code="a">(RERO)R004712519-41slsp</subfield></datafield><datafield ind1=" " ind2=" " tag="035"><subfield code="a">(EXLNZ-41SLSP_NETWORK)991088238069705501</subfield></datafield><datafield ind1=" " ind2=" " tag="040"><subfield code="a">RERO geudbu</subfield><subfield code="d">CH-ZuSLS</subfield></datafield><datafield ind1=" " ind2=" " tag="044"><subfield code="a">sz</subfield><subfield code="c">ch-ge</subfield></datafield><datafield ind1=" " ind2="7" tag="072"><subfield code="a">in</subfield><subfield code="2">rero</subfield></datafield><datafield ind1="0" ind2="0" tag="245"><subfield code="a">Comité consultatif international télégraphique et téléphonique, CCITT, IXe Assemblée plénière, Melbourne, 14-25 novembre 1988</subfield><subfield code="b">livre bleu.</subfield><subfield code="n">T. 8,8</subfield><subfield code="p">Réseaux de communications de données</subfield><subfield code="p">Annuaire : recommandations X.500 à X.521</subfield></datafield><datafield ind1=" " ind2="1" tag="264"><subfield code="a">Genève</subfield><subfield code="b">Union internationale des télécommunications</subfield><subfield code="c">1989</subfield></datafield><datafield ind1=" " ind2=" " tag="300"><subfield code="a">225 p.</subfield></datafield><datafield ind1=" " ind2=" " tag="336"><subfield code="b">txt</subfield><subfield code="2">rdacontent</subfield></datafield><datafield ind1=" " ind2=" " tag="337"><subfield code="b">n</subfield><subfield code="2">rdamedia</subfield></datafield><datafield ind1=" " ind2=" " tag="338"><subfield code="b">nc</subfield><subfield code="2">rdacarrier</subfield></datafield><datafield ind1="2" ind2=" " tag="710"><subfield code="a">Comité consultatif international télégraphique et téléphonique</subfield><subfield code="b">Assemblée plénière</subfield><subfield code="n">9</subfield><subfield code="d">1988</subfield><subfield code="c">Melbourne</subfield><subfield code="0">(RERO)A012512558</subfield></datafield><datafield ind1=" " ind2=" " tag="830"><subfield code="a">Comité consultatif international télégraphique et téléphonique, CCITT, IXe Assemblée plénière, Melbourne, 14-25 novembre 1988</subfield><subfield code="v">8,8</subfield><subfield code="w">(RERO)R003076627-41slsp</subfield></datafield><datafield ind1=" " ind2=" " tag="900"><subfield code="a">REROnoselfmerge</subfield></datafield></record>
</metadata></record>