<record><header><identifier>oai:alma.41SLSP_UGE:991000047019705502</identifier><datestamp>2024-10-17T00:10:20Z</datestamp><setSpec>uge_bcen_RapidILL_BOOK</setSpec><setSpec>uge_aaca_RapidILL_BOOK</setSpec><setSpec>uge_abels_RapidILL_BOOK</setSpec><setSpec>uge_dbu_RapidILL_BOOK</setSpec><setSpec>uge_cmu_RapidILL_BOOK</setSpec><setSpec>uge_mail_RapidILL_BOOK</setSpec><setSpec>uge_abbat_RapidILL_BOOK</setSpec><setSpec>UNIGE_ALL</setSpec><setSpec>uge_aobs_RapidILL_BOOK</setSpec><setSpec>uge_acar_RapidILL_BOOK</setSpec></header><metadata>
<record xmlns="http://www.loc.gov/MARC21/slim" xmlns:xsi="http://www.w3.org/2001/XMLSchema-instance" xsi:schemaLocation="http://www.loc.gov/MARC21/slim http://www.loc.gov/standards/marcxml/schema/MARC21slim.xsd"><leader>02066nam a2200433 c 4500</leader><controlfield tag="001">991000047019705502</controlfield><controlfield tag="005">20241016203546.0</controlfield><controlfield tag="008">201012s1960    fr ||||| |||| 10| ||fre d</controlfield><datafield ind1=" " ind2=" " tag="035"><subfield code="a">(swissbib)242666841-41slsp_network</subfield></datafield><datafield ind1=" " ind2=" " tag="035"><subfield code="a">242666841</subfield><subfield code="9">ExL</subfield></datafield><datafield ind1=" " ind2=" " tag="035"><subfield code="a">(RERO)1416449-41slsp</subfield></datafield><datafield ind1=" " ind2=" " tag="035"><subfield code="a">(IDSBB)000264548DSV01</subfield></datafield><datafield ind1=" " ind2=" " tag="035"><subfield code="a">(NEBIS)005095062EBI01</subfield></datafield><datafield ind1=" " ind2=" " tag="035"><subfield code="a">(EXLNZ-41SLSP_NETWORK)991146225499705501</subfield></datafield><datafield ind1=" " ind2=" " tag="040"><subfield code="a">RERO neuses</subfield><subfield code="d">CH-ZuSLS</subfield></datafield><datafield ind1=" " ind2=" " tag="044"><subfield code="a">sz</subfield><subfield code="c">ch-ge</subfield></datafield><datafield ind1=" " ind2="7" tag="072"><subfield code="a">pe</subfield><subfield code="2">rero</subfield></datafield><datafield ind1=" " ind2="7" tag="072"><subfield code="a">pa</subfield><subfield code="2">SzZuIDS BS/BE</subfield></datafield><datafield ind1="1" ind2="4" tag="082"><subfield code="a">370</subfield><subfield code="2">15</subfield></datafield><datafield ind1="0" ind2="0" tag="245"><subfield code="a">Elaboration des programmes de l'enseignement général du second degré</subfield><subfield code="b">étude d'éducation comparée : Afghanistan... : XXIIIe Conférence internationale de l'instruction publique, Genève, 1960</subfield></datafield><datafield ind1=" " ind2="1" tag="264"><subfield code="a">Paris</subfield><subfield code="b">UNESCO</subfield><subfield code="a">Genève</subfield><subfield code="b">Bureau international d'éducation</subfield><subfield code="c">1960</subfield></datafield><datafield ind1=" " ind2=" " tag="300"><subfield code="a">412 p.</subfield><subfield code="c">24 cm</subfield></datafield><datafield ind1=" " ind2=" " tag="336"><subfield code="b">txt</subfield><subfield code="2">rdacontent</subfield></datafield><datafield ind1=" " ind2=" " tag="337"><subfield code="b">n</subfield><subfield code="2">rdamedia</subfield></datafield><datafield ind1=" " ind2=" " tag="338"><subfield code="b">nc</subfield><subfield code="2">rdacarrier</subfield></datafield><datafield ind1="1" ind2=" " tag="490"><subfield code="a">Conférence internationale de l'Instruction publique</subfield><subfield code="v">23</subfield></datafield><datafield ind1="1" ind2=" " tag="490"><subfield code="a">Publication / Bureau international d'éducation</subfield><subfield code="v">no 215</subfield></datafield><datafield ind1=" " ind2=" " tag="500"><subfield code="a">Am Kopf der Titelseite: XXIIIe conférence internationale de l'instruction publique, Genève 1960</subfield></datafield><datafield ind1=" " ind2="7" tag="650"><subfield code="a">Enseignement secondaire</subfield><subfield code="0">(IDREF)027795551</subfield><subfield code="2">idref</subfield></datafield><datafield ind1=" " ind2="7" tag="650"><subfield code="a">programme d'études</subfield><subfield code="0">(RERO)A010022210</subfield><subfield code="2">rerovoc</subfield></datafield><datafield ind1=" " ind2="7" tag="655"><subfield code="a">Actes de congrès</subfield><subfield code="0">(IDREF)02886431X</subfield><subfield code="2">idref</subfield></datafield><datafield ind1=" " ind2="7" tag="655"><subfield code="a">Konferenzschrift</subfield><subfield code="z">Genf</subfield><subfield code="y">1960</subfield><subfield code="2">gnd-content</subfield></datafield><datafield ind1=" " ind2="7" tag="655"><subfield code="a">Konferenzschrift</subfield><subfield code="z">Genève</subfield><subfield code="y">1960</subfield><subfield code="2">gnd-content</subfield></datafield><datafield ind1="2" ind2=" " tag="711"><subfield code="a">Conférence Internationale de l'Instruction Publique</subfield><subfield code="0">(DE-588)12996-3</subfield></datafield><datafield ind1="2" ind2=" " tag="711"><subfield code="a">Conférence internationale de l'instruction publique</subfield><subfield code="n">23</subfield><subfield code="d">1960</subfield><subfield code="c">Genève</subfield><subfield code="0">(IDREF)132098458</subfield></datafield><datafield ind1=" " ind2="0" tag="830"><subfield code="a">Publications du Bureau international d'éducation</subfield><subfield code="v">215</subfield><subfield code="w">(IDSBB)000506424DSV01</subfield></datafield><datafield ind1=" " ind2="0" tag="830"><subfield code="a">Publications du Bureau International d'Éducation</subfield><subfield code="v">215</subfield><subfield code="w">(NEBIS)000053182EBI01</subfield></datafield><datafield ind1=" " ind2="0" tag="830"><subfield code="a">Conférence internationale de l'instruction publique</subfield><subfield code="v">23</subfield><subfield code="w">(RERO)1407597-41slsp</subfield></datafield><datafield ind1=" " ind2="0" tag="830"><subfield code="a">Publications du Bureau international d'éducation</subfield><subfield code="v">215</subfield><subfield code="w">(RERO)0977378-41slsp</subfield></datafield><datafield ind1=" " ind2=" " tag="900"><subfield code="a">REROnoselfmerge</subfield></datafield></record>
</metadata></record>