<record><header><identifier>oai:alma.41SLSP_UGE:991000008279705502</identifier><datestamp>2024-09-28T00:28:07Z</datestamp><setSpec>uge_bcen_RapidILL_BOOK</setSpec><setSpec>uge_aaca_RapidILL_BOOK</setSpec><setSpec>uge_abels_RapidILL_BOOK</setSpec><setSpec>uge_dbu_RapidILL_BOOK</setSpec><setSpec>uge_cmu_RapidILL_BOOK</setSpec><setSpec>uge_mail_RapidILL_BOOK</setSpec><setSpec>uge_abbat_RapidILL_BOOK</setSpec><setSpec>UNIGE_ALL</setSpec><setSpec>uge_aobs_RapidILL_BOOK</setSpec><setSpec>uge_acar_RapidILL_BOOK</setSpec></header><metadata>
<record xmlns="http://www.loc.gov/MARC21/slim" xmlns:xsi="http://www.w3.org/2001/XMLSchema-instance" xsi:schemaLocation="http://www.loc.gov/MARC21/slim http://www.loc.gov/standards/marcxml/schema/MARC21slim.xsd"><leader>02275nam a2200577uc 4500</leader><controlfield tag="001">991000008279705502</controlfield><controlfield tag="005">20240927183710.0</controlfield><controlfield tag="008">201011s1986    gw     |      10| ||eng|d</controlfield><datafield ind1=" " ind2=" " tag="020"><subfield code="a">0387164715</subfield></datafield><datafield ind1=" " ind2=" " tag="020"><subfield code="a">3540164715</subfield><subfield code="q">BRD 0-387-16471-5 USA</subfield></datafield><datafield ind1=" " ind2=" " tag="035"><subfield code="a">(swissbib)220421927-41slsp_network</subfield></datafield><datafield ind1=" " ind2=" " tag="035"><subfield code="a">220421927</subfield><subfield code="9">ExL</subfield></datafield><datafield ind1=" " ind2=" " tag="035"><subfield code="a">(NEBIS)000366051EBI01</subfield></datafield><datafield ind1=" " ind2=" " tag="035"><subfield code="a">(RERO)0751420-41slsp</subfield></datafield><datafield ind1=" " ind2=" " tag="035"><subfield code="a">(IDSBB)000172364DSV01</subfield></datafield><datafield ind1=" " ind2=" " tag="035"><subfield code="a">(EXLNZ-41SLSP_NETWORK)991085935569705501</subfield></datafield><datafield ind1=" " ind2=" " tag="040"><subfield code="a">ETH-BIB</subfield><subfield code="b">ger</subfield><subfield code="e">ETHICS-ISBD</subfield><subfield code="d">CH-ZuSLS</subfield></datafield><datafield ind1=" " ind2=" " tag="044"><subfield code="a">gw</subfield><subfield code="a">xxu</subfield></datafield><datafield ind1=" " ind2="7" tag="072"><subfield code="a">py</subfield><subfield code="2">rero</subfield></datafield><datafield ind1=" " ind2="7" tag="072"><subfield code="a">mt</subfield><subfield code="2">SzZuIDS BS/BE</subfield></datafield><datafield ind1=" " ind2="7" tag="072"><subfield code="a">py</subfield><subfield code="2">SzZuIDS BS/BE</subfield></datafield><datafield ind1="1" ind2="4" tag="082"><subfield code="a">510</subfield><subfield code="2">15</subfield></datafield><datafield ind1="1" ind2="4" tag="082"><subfield code="a">530</subfield><subfield code="2">15</subfield></datafield><datafield ind1=" " ind2=" " tag="084"><subfield code="a">UD 8220</subfield><subfield code="2">rvk</subfield></datafield><datafield ind1="0" ind2="0" tag="245"><subfield code="a">Lie methods in optics [I]</subfield><subfield code="b">proceedings of the CIFMO-CIO workshop; León, January 7-10, 1985</subfield><subfield code="c">ed. by Javier Sánchez Mondragón, Kurt Bernardo Wolf</subfield></datafield><datafield ind1=" " ind2="1" tag="264"><subfield code="a">Berlin a.o.</subfield><subfield code="b">Springer</subfield><subfield code="c">1986</subfield></datafield><datafield ind1=" " ind2="4" tag="264"><subfield code="c">© 1986</subfield></datafield><datafield ind1=" " ind2=" " tag="300"><subfield code="a">XIV, 247 p.</subfield><subfield code="b">ill.</subfield><subfield code="c">25 cm</subfield></datafield><datafield ind1=" " ind2=" " tag="336"><subfield code="b">txt</subfield><subfield code="2">rdacontent</subfield></datafield><datafield ind1=" " ind2=" " tag="337"><subfield code="b">n</subfield><subfield code="2">rdamedia</subfield></datafield><datafield ind1=" " ind2=" " tag="338"><subfield code="b">nc</subfield><subfield code="2">rdacarrier</subfield></datafield><datafield ind1="1" ind2=" " tag="490"><subfield code="a">Lecture notes in physics</subfield><subfield code="v">250</subfield></datafield><datafield ind1=" " ind2=" " tag="500"><subfield code="a">Congrès de physique. Léon. 1985</subfield></datafield><datafield ind1=" " ind2="7" tag="650"><subfield code="a">LIE-GRUPPEN (ALGEBRA)</subfield><subfield code="9">ger</subfield><subfield code="0">(ETHUDK)000012844</subfield><subfield code="2">ethudk</subfield></datafield><datafield ind1=" " ind2="7" tag="650"><subfield code="a">OPTIK</subfield><subfield code="9">ger</subfield><subfield code="0">(ETHUDK)000014786</subfield><subfield code="2">ethudk</subfield></datafield><datafield ind1=" " ind2="7" tag="650"><subfield code="a">Lie-Algebra</subfield><subfield code="v">Kongressbericht</subfield><subfield code="2">idsbb</subfield></datafield><datafield ind1=" " ind2="7" tag="650"><subfield code="a">Optik</subfield><subfield code="v">Kongressbericht</subfield><subfield code="2">idsbb</subfield></datafield><datafield ind1=" " ind2="7" tag="655"><subfield code="a">Konferenzschrift</subfield><subfield code="z">León (Mexixo)</subfield><subfield code="y">1985/01</subfield><subfield code="2">gnd-content</subfield></datafield><datafield ind1=" " ind2="7" tag="655"><subfield code="a">Konferenzschrift</subfield><subfield code="z">León</subfield><subfield code="y">1985</subfield><subfield code="2">gnd-content</subfield></datafield><datafield ind1="1" ind2=" " tag="700"><subfield code="a">Sanchez Mondragon, Javier</subfield><subfield code="0">(RERO)A003783415</subfield></datafield><datafield ind1="1" ind2=" " tag="700"><subfield code="a">Wolf, Kurt Bernardo</subfield><subfield code="d">1943-....</subfield><subfield code="0">(IDREF)032849524</subfield></datafield><datafield ind1="1" ind2=" " tag="700"><subfield code="a">Wolf, Kurt Bernardo</subfield></datafield><datafield ind1="1" ind2=" " tag="700"><subfield code="a">Sánchez Mondragón, Javier</subfield></datafield><datafield ind1="1" ind2=" " tag="700"><subfield code="a">Wolf, K.B.</subfield></datafield><datafield ind1="1" ind2=" " tag="700"><subfield code="a">Sanchez Mondragon, J.</subfield></datafield><datafield ind1="2" ind2=" " tag="710"><subfield code="a">Centro Internacional de Fisica y Matematicas Orientadas</subfield><subfield code="g">Cuernavaca</subfield><subfield code="0">(DE-588)1087614570</subfield></datafield><datafield ind1="2" ind2=" " tag="710"><subfield code="a">Centro de Investigaciones en Optica</subfield><subfield code="g">León</subfield><subfield code="0">(DE-588)5014680-4</subfield></datafield><datafield ind1="2" ind2=" " tag="711"><subfield code="a">Workshop on Lie Methods in Optics</subfield><subfield code="0">(DE-588)621239-6</subfield></datafield><datafield ind1="2" ind2=" " tag="711"><subfield code="a">CIFMO-CIO workshop on Lie methods in optics</subfield><subfield code="d">1985</subfield><subfield code="c">Léon</subfield><subfield code="0">(DE-588)16274852-8</subfield></datafield><datafield ind1=" " ind2=" " tag="830"><subfield code="a">Lecture notes in physics</subfield><subfield code="p">Springer</subfield><subfield code="v">250</subfield><subfield code="w">(RERO)0115708-41slsp</subfield></datafield><datafield ind1=" " ind2=" " tag="830"><subfield code="a">Lecture notes in physics</subfield><subfield code="v">250</subfield><subfield code="w">(NEBIS)000024307EBI01</subfield></datafield><datafield ind1=" " ind2=" " tag="900"><subfield code="a">REROnoselfmerge</subfield></datafield></record>
</metadata></record>