<record><header><identifier>oai:alma.41SLSP_UGE:991000050099705502</identifier><datestamp>2023-07-03T00:42:31Z</datestamp><setSpec>uge_bcen_RapidILL_BOOK</setSpec><setSpec>uge_aaca_RapidILL_BOOK</setSpec><setSpec>uge_abels_RapidILL_BOOK</setSpec><setSpec>uge_dbu_RapidILL_BOOK</setSpec><setSpec>uge_cmu_RapidILL_BOOK</setSpec><setSpec>uge_mail_RapidILL_BOOK</setSpec><setSpec>uge_abbat_RapidILL_BOOK</setSpec><setSpec>UNIGE_ALL</setSpec><setSpec>uge_aobs_RapidILL_BOOK</setSpec><setSpec>uge_acar_RapidILL_BOOK</setSpec></header><metadata>
<record xmlns="http://www.loc.gov/MARC21/slim" xmlns:xsi="http://www.w3.org/2001/XMLSchema-instance" xsi:schemaLocation="http://www.loc.gov/MARC21/slim http://www.loc.gov/standards/marcxml/schema/MARC21slim.xsd"><leader>02531nam a2200661 c 4500</leader><controlfield tag="001">991000050099705502</controlfield><controlfield tag="005">20230702062517.0</controlfield><controlfield tag="008">201011s2007    xxk||||| |||| 00| ||eng d</controlfield><datafield ind1=" " ind2=" " tag="010"><subfield code="a">2007008538</subfield></datafield><datafield ind1=" " ind2=" " tag="015"><subfield code="a">GBA713809</subfield><subfield code="2">bnb</subfield></datafield><datafield ind1=" " ind2=" " tag="020"><subfield code="a">9780199225927</subfield><subfield code="q">hbk.</subfield><subfield code="c">£45.00</subfield></datafield><datafield ind1=" " ind2=" " tag="020"><subfield code="a">9780199225934</subfield><subfield code="q">pbk.</subfield><subfield code="c">£16.99</subfield></datafield><datafield ind1="7" ind2=" " tag="024"><subfield code="a">http://catalogue.bnf.fr/ark:/12148/cb41327409f</subfield><subfield code="2">uri</subfield></datafield><datafield ind1=" " ind2=" " tag="035"><subfield code="a">(swissbib)219760349-41slsp_network</subfield></datafield><datafield ind1=" " ind2=" " tag="035"><subfield code="a">219760349</subfield><subfield code="9">ExL</subfield></datafield><datafield ind1=" " ind2=" " tag="035"><subfield code="a">(RERO)R004418658-41slsp</subfield></datafield><datafield ind1=" " ind2=" " tag="035"><subfield code="a">(IDSSG)000536991HSB01</subfield></datafield><datafield ind1=" " ind2=" " tag="035"><subfield code="a">(IDSBB)004298568DSV01</subfield></datafield><datafield ind1=" " ind2=" " tag="035"><subfield code="a">(NEBIS)005651590EBI01</subfield></datafield><datafield ind1=" " ind2=" " tag="035"><subfield code="a">(EXLNZ-41SLSP_NETWORK)991094065119705501</subfield></datafield><datafield ind1=" " ind2=" " tag="040"><subfield code="a">DLC</subfield><subfield code="d">CH-ZuSLS</subfield></datafield><datafield ind1=" " ind2=" " tag="050"><subfield code="a">P325.5.C65</subfield><subfield code="b">S73 2007</subfield></datafield><datafield ind1=" " ind2="7" tag="072"><subfield code="a">ph</subfield><subfield code="2">rero</subfield></datafield><datafield ind1=" " ind2="7" tag="072"><subfield code="a">le</subfield><subfield code="2">SzZuIDS BS/BE</subfield></datafield><datafield ind1="1" ind2=" " tag="080"><subfield code="a">164</subfield></datafield><datafield ind1="0" ind2="0" tag="082"><subfield code="a">401/.43</subfield></datafield><datafield ind1="0" ind2="4" tag="082"><subfield code="a">401</subfield><subfield code="2">22</subfield></datafield><datafield ind1=" " ind2=" " tag="084"><subfield code="a">CC 4800</subfield><subfield code="2">rvk</subfield></datafield><datafield ind1=" " ind2=" " tag="084"><subfield code="a">ET 450</subfield><subfield code="2">rvk</subfield></datafield><datafield ind1="1" ind2=" " tag="100"><subfield code="a">Stanley, Jason</subfield><subfield code="d">1969-....</subfield><subfield code="0">(IDREF)117268550</subfield><subfield code="4">cre</subfield></datafield><datafield ind1="1" ind2="0" tag="245"><subfield code="a">Language in context</subfield><subfield code="b">selected essays</subfield><subfield code="c">Jason Stanley</subfield></datafield><datafield ind1=" " ind2="1" tag="264"><subfield code="a">Oxford</subfield><subfield code="b">Clarendon Press</subfield><subfield code="c">2007</subfield></datafield><datafield ind1=" " ind2=" " tag="300"><subfield code="a">264 S.</subfield><subfield code="b">Ill.</subfield></datafield><datafield ind1=" " ind2=" " tag="336"><subfield code="b">txt</subfield><subfield code="2">rdacontent</subfield></datafield><datafield ind1=" " ind2=" " tag="337"><subfield code="b">n</subfield><subfield code="2">rdamedia</subfield></datafield><datafield ind1=" " ind2=" " tag="338"><subfield code="b">nc</subfield><subfield code="2">rdacarrier</subfield></datafield><datafield ind1=" " ind2="7" tag="650"><subfield code="a">signification</subfield><subfield code="0">(RERO)A010014286</subfield><subfield code="2">rerovoc</subfield></datafield><datafield ind1=" " ind2="7" tag="650"><subfield code="a">Contexte (linguistique)</subfield><subfield code="0">(IDREF)027784789</subfield><subfield code="2">idref</subfield></datafield><datafield ind1=" " ind2="7" tag="650"><subfield code="a">Sprache</subfield><subfield code="0">(DE-588)4056449-6</subfield><subfield code="2">gnd</subfield></datafield><datafield ind1=" " ind2="7" tag="650"><subfield code="a">Kontext</subfield><subfield code="0">(DE-588)4165149-2</subfield><subfield code="2">gnd</subfield></datafield><datafield ind1=" " ind2="7" tag="650"><subfield code="a">Semantik</subfield><subfield code="0">(DE-588)4054490-4</subfield><subfield code="2">gnd</subfield></datafield><datafield ind1=" " ind2="7" tag="650"><subfield code="a">Sprache</subfield><subfield code="x">Kontext</subfield><subfield code="2">idsbb</subfield></datafield><datafield ind1=" " ind2="7" tag="650"><subfield code="a">Kontext</subfield><subfield code="x">Sprache</subfield><subfield code="2">idsbb</subfield></datafield><datafield ind1=" " ind2="7" tag="650"><subfield code="a">Semantik</subfield><subfield code="2">idsbb</subfield></datafield><datafield ind1=" " ind2="0" tag="650"><subfield code="a">Context (Linguistics)</subfield></datafield><datafield ind1=" " ind2="0" tag="650"><subfield code="a">Semantics</subfield></datafield><datafield ind1=" " ind2="7" tag="650"><subfield code="a">Sprachphilosophie</subfield><subfield code="0">(DE-588)4056486-1</subfield><subfield code="2">gnd</subfield></datafield><datafield ind1=" " ind2="7" tag="650"><subfield code="a">Analytische Philosophie</subfield><subfield code="0">(DE-588)4001869-6</subfield><subfield code="2">gnd</subfield></datafield><datafield ind1=" " ind2="7" tag="655"><subfield code="a">[Études diverses]</subfield><subfield code="0">(RERO)A022249905</subfield><subfield code="2">rero</subfield></datafield><datafield ind1=" " ind2="7" tag="655"><subfield code="a">Aufsatzsammlung</subfield><subfield code="2">gnd-content</subfield></datafield><datafield ind1=" " ind2=" " tag="690"><subfield code="a">Language context ; Context ; Restriction ; Pragmatics ; Semantics ; Quantifier ; domains ; Domain ; Page description language ; reviews</subfield><subfield code="2">idssg-J</subfield></datafield><datafield ind1=" " ind2=" " tag="690"><subfield code="a">Logical Form; Semantic Content</subfield><subfield code="2">idssg-J</subfield></datafield><datafield ind1=" " ind2=" " tag="690"><subfield code="a">Zoltan; Gendler; Szabo; Frangois; Recanati</subfield><subfield code="2">idssg-J</subfield></datafield><datafield ind1="4" ind2="2" tag="856"><subfield code="u">http://www.loc.gov/catdir/enhancements/fy0724/2007008538-d.html</subfield></datafield><datafield ind1="4" ind2="2" tag="856"><subfield code="u">http://www.loc.gov/catdir/toc/ecip0712/2007008538.html</subfield></datafield><datafield ind1="4" ind2=" " tag="856"><subfield code="u">https://tools.unisg.ch/url/hm00368915</subfield><subfield code="z">Inhaltsverzeichnis</subfield></datafield><datafield ind1=" " ind2=" " tag="949"><subfield code="a">http://www.loc.gov/catdir/enhancements/fy0724/2007008538-d.html</subfield></datafield><datafield ind1=" " ind2=" " tag="949"><subfield code="a">http://www.loc.gov/catdir/toc/ecip0712/2007008538.html</subfield></datafield><datafield ind1=" " ind2=" " tag="949"><subfield code="a">https://tools.unisg.ch/url/hm00368915</subfield></datafield></record>
</metadata></record>