<record><header><identifier>oai:alma.41SLSP_UGE:991000049789705502</identifier><datestamp>2023-03-01T01:08:47Z</datestamp><setSpec>uge_bcen_RapidILL_BOOK</setSpec><setSpec>uge_aaca_RapidILL_BOOK</setSpec><setSpec>uge_abels_RapidILL_BOOK</setSpec><setSpec>uge_dbu_RapidILL_BOOK</setSpec><setSpec>uge_cmu_RapidILL_BOOK</setSpec><setSpec>uge_mail_RapidILL_BOOK</setSpec><setSpec>UNIGE_ALL</setSpec><setSpec>uge_abbat_RapidILL_BOOK</setSpec><setSpec>uge_aobs_RapidILL_BOOK</setSpec><setSpec>uge_acar_RapidILL_BOOK</setSpec></header><metadata>
<record xmlns="http://www.loc.gov/MARC21/slim" xmlns:xsi="http://www.w3.org/2001/XMLSchema-instance" xsi:schemaLocation="http://www.loc.gov/MARC21/slim http://www.loc.gov/standards/marcxml/schema/MARC21slim.xsd"><leader>00786nam a22002652c 4500</leader><controlfield tag="001">991000049789705502</controlfield><controlfield tag="005">20201125202737.0</controlfield><controlfield tag="008">040128s2002    sp ||||| |||| 00| ||spa d</controlfield><datafield ind1=" " ind2=" " tag="020"><subfield code="a">8408037943</subfield></datafield><datafield ind1=" " ind2=" " tag="035"><subfield code="a">(swissbib)100176445-41slsp_network</subfield></datafield><datafield ind1=" " ind2=" " tag="035"><subfield code="a">100176445</subfield><subfield code="9">ExL</subfield></datafield><datafield ind1=" " ind2=" " tag="035"><subfield code="a">(RERO)R003575775-41slsp</subfield></datafield><datafield ind1=" " ind2=" " tag="035"><subfield code="a">(EXLNZ-41SLSP_NETWORK)991149890829705501</subfield></datafield><datafield ind1=" " ind2=" " tag="040"><subfield code="a">RERO geules</subfield><subfield code="d">CH-ZuSLS</subfield></datafield><datafield ind1=" " ind2="7" tag="072"><subfield code="a">es</subfield><subfield code="2">rero</subfield></datafield><datafield ind1=" " ind2="7" tag="072"><subfield code="a">th</subfield><subfield code="2">rero</subfield></datafield><datafield ind1="1" ind2=" " tag="100"><subfield code="a">Sánchez Dragó, Fernando</subfield><subfield code="d">1936-</subfield><subfield code="0">(IDREF)026670119</subfield><subfield code="4">cre</subfield></datafield><datafield ind1="1" ind2="0" tag="245"><subfield code="a">Carta de Jesús al papa</subfield><subfield code="c">Fernando Sánchez Dragó</subfield></datafield><datafield ind1=" " ind2="1" tag="264"><subfield code="a">Barcelona</subfield><subfield code="b">Planeta</subfield><subfield code="c">2002</subfield></datafield><datafield ind1=" " ind2=" " tag="300"><subfield code="a">343 p.</subfield><subfield code="c">23 cm</subfield></datafield><datafield ind1=" " ind2=" " tag="336"><subfield code="b">txt</subfield><subfield code="2">rdacontent</subfield></datafield><datafield ind1=" " ind2=" " tag="337"><subfield code="b">n</subfield><subfield code="2">rdamedia</subfield></datafield><datafield ind1=" " ind2=" " tag="338"><subfield code="b">nc</subfield><subfield code="2">rdacarrier</subfield></datafield><datafield ind1="1" ind2=" " tag="490"><subfield code="a">Planeta 2MIL1</subfield></datafield><datafield ind1=" " ind2=" " tag="830"><subfield code="a">Planeta 2MIL1</subfield><subfield code="w">(RERO)R003318489-41slsp</subfield></datafield><datafield ind1=" " ind2=" " tag="900"><subfield code="a">REROnoselfmerge</subfield></datafield><datafield ind1=" " ind2=" " tag="993"><subfield code="a">BFLA 166239</subfield><subfield code="x">ge/ules/a/02/289</subfield><subfield code="9">LOCAL</subfield></datafield></record>
</metadata></record>