<record><header><identifier>oai:alma.41SLSP_UGE:991000049679705502</identifier><datestamp>2023-03-01T01:08:47Z</datestamp><setSpec>uge_bcen_RapidILL_BOOK</setSpec><setSpec>uge_aaca_RapidILL_BOOK</setSpec><setSpec>uge_abels_RapidILL_BOOK</setSpec><setSpec>uge_dbu_RapidILL_BOOK</setSpec><setSpec>uge_cmu_RapidILL_BOOK</setSpec><setSpec>uge_mail_RapidILL_BOOK</setSpec><setSpec>UNIGE_ALL</setSpec><setSpec>uge_abbat_RapidILL_BOOK</setSpec><setSpec>uge_aobs_RapidILL_BOOK</setSpec><setSpec>uge_acar_RapidILL_BOOK</setSpec></header><metadata>
<record xmlns="http://www.loc.gov/MARC21/slim" xmlns:xsi="http://www.w3.org/2001/XMLSchema-instance" xsi:schemaLocation="http://www.loc.gov/MARC21/slim http://www.loc.gov/standards/marcxml/schema/MARC21slim.xsd"><leader>01669nam a2200397 c 4500</leader><controlfield tag="001">991000049679705502</controlfield><controlfield tag="005">20201231103526.0</controlfield><controlfield tag="008">201012s2004    xxu||||| |||| 00| ||eng d</controlfield><datafield ind1=" " ind2=" " tag="020"><subfield code="a">0821835238</subfield></datafield><datafield ind1=" " ind2=" " tag="035"><subfield code="a">(swissbib)232866376-41slsp_network</subfield></datafield><datafield ind1=" " ind2=" " tag="035"><subfield code="a">232866376</subfield><subfield code="9">ExL</subfield></datafield><datafield ind1=" " ind2=" " tag="035"><subfield code="a">(RERO)R003657976-41slsp</subfield></datafield><datafield ind1=" " ind2=" " tag="035"><subfield code="a">(NEBIS)004772958EBI01</subfield></datafield><datafield ind1=" " ind2=" " tag="035"><subfield code="a">R003657976</subfield></datafield><datafield ind1=" " ind2=" " tag="035"><subfield code="a">(EXLNZ-41SLSP_NETWORK)991062572909705501</subfield></datafield><datafield ind1=" " ind2=" " tag="040"><subfield code="a">RERO geussm</subfield><subfield code="d">CH-ZuSLS</subfield></datafield><datafield ind1=" " ind2=" " tag="050"><subfield code="a">QA3</subfield><subfield code="b">.A57 no. 805</subfield><subfield code="a">QA613.2</subfield></datafield><datafield ind1=" " ind2="7" tag="072"><subfield code="a">ma</subfield><subfield code="2">rero</subfield></datafield><datafield ind1="0" ind2="4" tag="082"><subfield code="a">510 s</subfield><subfield code="a">516/.11</subfield><subfield code="2">22</subfield></datafield><datafield ind1=" " ind2=" " tag="084"><subfield code="a">52</subfield><subfield code="2">msc</subfield></datafield><datafield ind1="1" ind2=" " tag="100"><subfield code="a">Bowers, Philip L.</subfield><subfield code="0">(RERO)A010246323</subfield><subfield code="4">cre</subfield></datafield><datafield ind1="1" ind2="0" tag="245"><subfield code="a">Uniformizing dessins and Belyǐ maps via circle packing</subfield><subfield code="c">Philip L. Bowers, Kenneth Stephenson</subfield></datafield><datafield ind1=" " ind2="1" tag="264"><subfield code="a">Providence - R. I</subfield><subfield code="b">American Mathematical Society</subfield><subfield code="c">2004</subfield></datafield><datafield ind1=" " ind2=" " tag="300"><subfield code="a">XII, 97 p.</subfield><subfield code="b">ill.</subfield><subfield code="c">26 cm</subfield></datafield><datafield ind1=" " ind2=" " tag="336"><subfield code="b">txt</subfield><subfield code="2">rdacontent</subfield></datafield><datafield ind1=" " ind2=" " tag="337"><subfield code="b">n</subfield><subfield code="2">rdamedia</subfield></datafield><datafield ind1=" " ind2=" " tag="338"><subfield code="b">nc</subfield><subfield code="2">rdacarrier</subfield></datafield><datafield ind1="1" ind2=" " tag="490"><subfield code="a">Memoirs of the American Mathematical Society</subfield><subfield code="v">no. 805</subfield></datafield><datafield ind1=" " ind2=" " tag="500"><subfield code="a">&quot;July 2004, volume 170, number 805 (second of 4 numbers)&quot;</subfield></datafield><datafield ind1=" " ind2="7" tag="650"><subfield code="a">ANORDNUNGEN GEOMETRISCHER GEBILDE (GEOMETRIE)</subfield><subfield code="9">ger</subfield><subfield code="0">(ETHUDK)000012911</subfield><subfield code="2">ethudk</subfield></datafield><datafield ind1=" " ind2="7" tag="650"><subfield code="a">RIEMANNSCHE FLÄCHEN VON FUNKTIONEN EINER KOMPLEXEN VARIABLEN (ANALYSIS)</subfield><subfield code="9">ger</subfield><subfield code="0">(ETHUDK)000013282</subfield><subfield code="2">ethudk</subfield></datafield><datafield ind1=" " ind2=" " tag="690"><subfield code="a">30F10</subfield><subfield code="d">Compact Riemann surfaces and uniformization [See also 14H15, 32G15]</subfield><subfield code="2">uzb-UT</subfield></datafield><datafield ind1=" " ind2=" " tag="690"><subfield code="a">30F50</subfield><subfield code="d">Klein surfaces</subfield><subfield code="2">uzb-UT</subfield></datafield><datafield ind1=" " ind2=" " tag="690"><subfield code="a">52C26</subfield><subfield code="d">Circle packings and discrete conformal geometry</subfield><subfield code="2">uzb-UT</subfield></datafield><datafield ind1="1" ind2=" " tag="700"><subfield code="a">Stephenson, Kenneth</subfield><subfield code="d">1945-....</subfield><subfield code="0">(IDREF)079605761</subfield></datafield><datafield ind1=" " ind2=" " tag="830"><subfield code="a">Memoirs of the American Mathematical Society</subfield><subfield code="v">805</subfield><subfield code="w">(NEBIS)000023178EBI01</subfield></datafield><datafield ind1=" " ind2=" " tag="900"><subfield code="a">REROnoselfmerge</subfield></datafield></record>
</metadata></record>