<record><header><identifier>oai:alma.41SLSP_UGE:991000047039705502</identifier><datestamp>2023-03-18T01:11:06Z</datestamp><setSpec>uge_bcen_RapidILL_BOOK</setSpec><setSpec>uge_aaca_RapidILL_BOOK</setSpec><setSpec>uge_abels_RapidILL_BOOK</setSpec><setSpec>uge_dbu_RapidILL_BOOK</setSpec><setSpec>uge_cmu_RapidILL_BOOK</setSpec><setSpec>uge_mail_RapidILL_BOOK</setSpec><setSpec>uge_abbat_RapidILL_BOOK</setSpec><setSpec>UNIGE_ALL</setSpec><setSpec>uge_aobs_RapidILL_BOOK</setSpec><setSpec>uge_acar_RapidILL_BOOK</setSpec></header><metadata>
<record xmlns="http://www.loc.gov/MARC21/slim" xmlns:xsi="http://www.w3.org/2001/XMLSchema-instance" xsi:schemaLocation="http://www.loc.gov/MARC21/slim http://www.loc.gov/standards/marcxml/schema/MARC21slim.xsd"><leader>01918nam a2200481 c 4500</leader><controlfield tag="001">991000047039705502</controlfield><controlfield tag="005">20230317151758.0</controlfield><controlfield tag="008">201011t19961996fr ||||| |||| 00| ||fre d</controlfield><datafield ind1=" " ind2=" " tag="020"><subfield code="a">2070150372</subfield></datafield><datafield ind1="7" ind2=" " tag="024"><subfield code="a">http://catalogue.bnf.fr/ark:/12148/cb35847742t</subfield><subfield code="2">uri</subfield></datafield><datafield ind1=" " ind2=" " tag="035"><subfield code="a">(swissbib)218441517-41slsp_network</subfield></datafield><datafield ind1=" " ind2=" " tag="035"><subfield code="a">218441517</subfield><subfield code="9">ExL</subfield></datafield><datafield ind1=" " ind2=" " tag="035"><subfield code="a">(RERO)R211789060-41slsp</subfield></datafield><datafield ind1=" " ind2=" " tag="035"><subfield code="a">(NEBIS)003992361EBI01</subfield></datafield><datafield ind1=" " ind2=" " tag="035"><subfield code="a">(EXLNZ-41SLSP_NETWORK)991142817559705501</subfield></datafield><datafield ind1=" " ind2=" " tag="040"><subfield code="a">RERO vsbcvs</subfield><subfield code="d">CH-ZuSLS</subfield></datafield><datafield ind1="1" ind2=" " tag="041"><subfield code="a">fre</subfield><subfield code="h">ita</subfield></datafield><datafield ind1=" " ind2="7" tag="072"><subfield code="a">ba</subfield><subfield code="2">rero</subfield></datafield><datafield ind1="0" ind2=" " tag="100"><subfield code="a">Angelico</subfield><subfield code="c">Fra</subfield><subfield code="d">1387-1455</subfield><subfield code="0">(DE-588)118503081</subfield><subfield code="6">880-01</subfield></datafield><datafield ind1="1" ind2=" " tag="880"><subfield code="a">Angelico</subfield><subfield code="c">Fra</subfield><subfield code="0">(RERO)A000007761</subfield><subfield code="6">100-01</subfield></datafield><datafield ind1="1" ind2="0" tag="245"><subfield code="a">Fra Angelico</subfield><subfield code="b">les fresques de San Marco</subfield><subfield code="c">sous la dir. de Paolo Morachiello ; trad. de l'italien par Louis Bonalumi</subfield></datafield><datafield ind1=" " ind2="1" tag="264"><subfield code="a">Paris</subfield><subfield code="b">Gallimard/Electa</subfield><subfield code="c">1996</subfield></datafield><datafield ind1=" " ind2="4" tag="264"><subfield code="c">©1996</subfield></datafield><datafield ind1=" " ind2=" " tag="300"><subfield code="a">343 S.</subfield><subfield code="b">vorw., z.T. farbige Ill.</subfield><subfield code="c">29 cm</subfield></datafield><datafield ind1=" " ind2=" " tag="336"><subfield code="b">txt</subfield><subfield code="2">rdacontent</subfield></datafield><datafield ind1=" " ind2=" " tag="337"><subfield code="b">n</subfield><subfield code="2">rdamedia</subfield></datafield><datafield ind1=" " ind2=" " tag="338"><subfield code="b">nc</subfield><subfield code="2">rdacarrier</subfield></datafield><datafield ind1="1" ind2=" " tag="490"><subfield code="a">Chefs-d'oeuvre de l'art italien</subfield></datafield><datafield ind1=" " ind2=" " tag="500"><subfield code="a">In Schuber</subfield></datafield><datafield ind1="1" ind2="7" tag="600"><subfield code="a">Angelico, Fra</subfield><subfield code="d">1387-1455</subfield><subfield code="0">(IDREF)027312178</subfield><subfield code="2">idref</subfield></datafield><datafield ind1="0" ind2="4" tag="600"><subfield code="a">Angelico</subfield><subfield code="c">Fra</subfield><subfield code="d">1387-1455</subfield><subfield code="0">(DE-588)118503081</subfield></datafield><datafield ind1=" " ind2="7" tag="650"><subfield code="a">Peinture et décoration murales</subfield><subfield code="0">(IDREF)027246299</subfield><subfield code="2">idref</subfield></datafield><datafield ind1=" " ind2="7" tag="651"><subfield code="a">Florence (Italie) - San Marco</subfield><subfield code="0">(RERO)A010083811</subfield><subfield code="2">rero</subfield></datafield><datafield ind1=" " ind2=" " tag="690"><subfield code="a">Italien</subfield><subfield code="x">Freskomalerei</subfield><subfield code="x">15.Jh.</subfield><subfield code="2">nebis-E4</subfield></datafield><datafield ind1=" " ind2=" " tag="690"><subfield code="a">Christliche Kunst</subfield><subfield code="x">Ikonographie</subfield><subfield code="2">nebis-E4</subfield></datafield><datafield ind1=" " ind2=" " tag="690"><subfield code="a">Firenze</subfield><subfield code="x">Architektur</subfield><subfield code="2">nebis-E4</subfield></datafield><datafield ind1=" " ind2=" " tag="690"><subfield code="a">Renaissance</subfield><subfield code="x">Wandmalerei</subfield><subfield code="2">nebis-E4</subfield></datafield><datafield ind1=" " ind2=" " tag="690"><subfield code="a">Angelico</subfield><subfield code="c">Fra</subfield><subfield code="d">1387-1455</subfield><subfield code="2">nebis-E5</subfield></datafield><datafield ind1=" " ind2=" " tag="690"><subfield code="a">Angelico</subfield><subfield code="c">Fra, Peintre</subfield><subfield code="d">1387-1455</subfield><subfield code="z">fre</subfield><subfield code="2">nebis-E5</subfield></datafield><datafield ind1=" " ind2=" " tag="690"><subfield code="a">Angelico</subfield><subfield code="c">Fra, Painter</subfield><subfield code="d">1387-1455</subfield><subfield code="z">eng</subfield><subfield code="2">nebis-E5</subfield></datafield><datafield ind1="1" ind2=" " tag="700"><subfield code="a">Morachiello, Paolo</subfield><subfield code="d">1941-</subfield><subfield code="0">(RERO)A003607428</subfield></datafield><datafield ind1="1" ind2=" " tag="700"><subfield code="a">Bonalumi, Louis</subfield><subfield code="d">1922-2004</subfield><subfield code="0">(IDREF)026737027</subfield></datafield><datafield ind1=" " ind2=" " tag="830"><subfield code="a">Chefs-d'oeuvre de l'art italien</subfield><subfield code="w">(RERO)R211790460-41slsp</subfield></datafield><datafield ind1=" " ind2=" " tag="900"><subfield code="a">REROnoselfmerge</subfield></datafield><datafield ind1=" " ind2=" " tag="993"><subfield code="a">BFLB 16683</subfield><subfield code="x">ge/ulha/a/97/0326</subfield><subfield code="9">LOCAL</subfield></datafield></record>
</metadata></record>