<record><header><identifier>oai:alma.41SLSP_UGE:991000046519705502</identifier><datestamp>2023-06-26T00:14:45Z</datestamp><setSpec>UNIGE_ALL</setSpec></header><metadata>
<record xmlns="http://www.loc.gov/MARC21/slim" xmlns:xsi="http://www.w3.org/2001/XMLSchema-instance" xsi:schemaLocation="http://www.loc.gov/MARC21/slim http://www.loc.gov/standards/marcxml/schema/MARC21slim.xsd"><leader>02624ngm a2200517 c 4500</leader><controlfield tag="001">991000046519705502</controlfield><controlfield tag="005">20230625172925.0</controlfield><controlfield tag="007">vd |v||||</controlfield><controlfield tag="008">201012s2008    fr ||| |          v|spa d</controlfield><datafield ind1=" " ind2=" " tag="019"><subfield code="a">Nicht visioniert</subfield><subfield code="5">NEBIS/ZBZ</subfield></datafield><datafield ind1="4" ind2="2" tag="028"><subfield code="a">215480</subfield></datafield><datafield ind1=" " ind2=" " tag="035"><subfield code="a">(swissbib)237914220-41slsp_network</subfield></datafield><datafield ind1=" " ind2=" " tag="035"><subfield code="a">237914220</subfield><subfield code="9">ExL</subfield></datafield><datafield ind1=" " ind2=" " tag="035"><subfield code="a">(RERO)R004647373-41slsp</subfield></datafield><datafield ind1=" " ind2=" " tag="035"><subfield code="a">(NEBIS)005732150EBI01</subfield></datafield><datafield ind1=" " ind2=" " tag="035"><subfield code="a">(EXLNZ-41SLSP_NETWORK)991145672249705501</subfield></datafield><datafield ind1=" " ind2=" " tag="040"><subfield code="a">RERO necfbv</subfield><subfield code="d">CH-ZuSLS</subfield></datafield><datafield ind1="1" ind2=" " tag="041"><subfield code="a">fre</subfield><subfield code="a">spa</subfield><subfield code="h">spa</subfield></datafield><datafield ind1=" " ind2="7" tag="072"><subfield code="a">ba</subfield><subfield code="2">rero</subfield></datafield><datafield ind1="0" ind2="0" tag="245"><subfield code="a">&lt;&lt;El&gt;&gt; camino de San Diego</subfield><subfield code="c">un film de Carlos Sorin ; musique Nicolás Sorin ; prod. Oscar Kramer et Hugo Sigman</subfield></datafield><datafield ind1=" " ind2="1" tag="264"><subfield code="a">[Paris]</subfield><subfield code="b">Ocean Fims</subfield><subfield code="b">TF1 vidéo [etc.]</subfield><subfield code="c">2008</subfield></datafield><datafield ind1=" " ind2=" " tag="300"><subfield code="a">1 DVD-Video (ca. 98 Min.)</subfield></datafield><datafield ind1=" " ind2=" " tag="336"><subfield code="b">tdi</subfield><subfield code="2">rdacontent</subfield></datafield><datafield ind1=" " ind2=" " tag="337"><subfield code="b">v</subfield><subfield code="2">rdamedia</subfield></datafield><datafield ind1=" " ind2=" " tag="338"><subfield code="b">vd</subfield><subfield code="2">rdacarrier</subfield></datafield><datafield ind1=" " ind2=" " tag="500"><subfield code="a">Une prod.: Guacamole Films - K&amp;S Films - Wanda Vision, 2006</subfield></datafield><datafield ind1=" " ind2=" " tag="500"><subfield code="a">Langue: Espagnol, français. Sous-titre: Français</subfield></datafield><datafield ind1=" " ind2=" " tag="500"><subfield code="a">Durée du film: ca. 98 min.</subfield></datafield><datafield ind1=" " ind2=" " tag="500"><subfield code="a">Prix spécial du Jury Festival de San Sebastian</subfield></datafield><datafield ind1=" " ind2=" " tag="500"><subfield code="a">Format écran: 16/9 compatible 4/3 (1.85)</subfield></datafield><datafield ind1=" " ind2=" " tag="500"><subfield code="a">Sprachen: Französisch, Spanisch</subfield></datafield><datafield ind1="0" ind2=" " tag="511"><subfield code="a">Ignacio Benítez, Carlos Wagner La Bella, Paola Rotela</subfield></datafield><datafield ind1="8" ind2=" " tag="520"><subfield code="a">Tati Benitez, fan inconditionnel du footballeur Diego Maradona, vit avec sa famille au coeur de la forêt de Misiones, dans le nord-est de l'Argentine. Malgré sa situation très précaire et ses quatre enfants à nourrir, sa bonne humeur est inaltérable. Cet optimisme, Tati le doit en partie à la racine d'arbre, qu'il a trouvée dans la forêt et qui ressemble à la silhouette de son idole. Un jour, il apprend que Maradona est en soins intensifs à Buenos Aires suite à un incident cardiaque. Tandis que la nation toute entière prie pour Diego, Tati décide d'aller lui remettre la racine à son effigie en mains propres. Commence alors un périple riche en surprises et en rencontres...</subfield><subfield code="5">RERO/geumem/03.2008</subfield></datafield><datafield ind1="8" ind2=" " tag="520"><subfield code="a">Comédie</subfield><subfield code="5">RERO/necfbv/02.2014/3544</subfield></datafield><datafield ind1="8" ind2=" " tag="520"><subfield code="a">Comédie dramatique</subfield><subfield code="5">RERO/vsbcvs/12.2015</subfield></datafield><datafield ind1=" " ind2=" " tag="538"><subfield code="a">Ländercode: 2</subfield></datafield><datafield ind1=" " ind2="7" tag="655"><subfield code="a">DVD</subfield><subfield code="0">(IDREF)035108444</subfield><subfield code="2">idref</subfield></datafield><datafield ind1=" " ind2="7" tag="655"><subfield code="a">Films de fiction</subfield><subfield code="0">(IDREF)14779644X</subfield><subfield code="2">idref</subfield></datafield><datafield ind1="1" ind2=" " tag="700"><subfield code="a">Sorín, Carlos</subfield><subfield code="d">1944-</subfield><subfield code="0">(DE-588)141320990</subfield></datafield><datafield ind1="1" ind2=" " tag="700"><subfield code="a">Benítez, Ignacio</subfield></datafield><datafield ind1="1" ind2=" " tag="700"><subfield code="a">Wagner La Bella, Carlos</subfield></datafield><datafield ind1="1" ind2=" " tag="700"><subfield code="a">Rotela, Paola</subfield></datafield><datafield ind1="1" ind2=" " tag="700"><subfield code="a">Sorin, Carlos</subfield><subfield code="0">(RERO)A009678076</subfield></datafield><datafield ind1="1" ind2=" " tag="700"><subfield code="a">Sorín, Nicolás</subfield><subfield code="c">compositeur</subfield><subfield code="0">(IDREF)077659856</subfield></datafield><datafield ind1="1" ind2=" " tag="700"><subfield code="a">Kramer, Oscar</subfield><subfield code="0">(RERO)A011946579</subfield></datafield><datafield ind1="1" ind2=" " tag="700"><subfield code="a">Sigman, Hugo</subfield><subfield code="0">(RERO)A013812724</subfield></datafield><datafield ind1=" " ind2=" " tag="900"><subfield code="a">IDSZ2zbzvid200901e</subfield><subfield code="c">IDSZ2staub</subfield></datafield></record>
</metadata></record>