<record><header><identifier>oai:alma.41SLSP_UGE:991000046729705502</identifier><datestamp>2023-06-30T00:19:23Z</datestamp><setSpec>uge_bcen_RapidILL_BOOK</setSpec><setSpec>uge_aaca_RapidILL_BOOK</setSpec><setSpec>uge_abels_RapidILL_BOOK</setSpec><setSpec>uge_dbu_RapidILL_BOOK</setSpec><setSpec>uge_cmu_RapidILL_BOOK</setSpec><setSpec>uge_mail_RapidILL_BOOK</setSpec><setSpec>uge_abbat_RapidILL_BOOK</setSpec><setSpec>UNIGE_ALL</setSpec><setSpec>uge_acar_RapidILL_BOOK</setSpec><setSpec>uge_aobs_RapidILL_BOOK</setSpec></header><metadata>
<record xmlns="http://www.loc.gov/MARC21/slim" xmlns:xsi="http://www.w3.org/2001/XMLSchema-instance" xsi:schemaLocation="http://www.loc.gov/MARC21/slim http://www.loc.gov/standards/marcxml/schema/MARC21slim.xsd"><leader>01578naa a2200337 c 4500</leader><controlfield tag="001">991000046729705502</controlfield><controlfield tag="005">20230629194737.0</controlfield><controlfield tag="008">150113s2014    sz ||||| |||| 00| ||und d</controlfield><datafield ind1=" " ind2=" " tag="035"><subfield code="a">(swissbib)121057747-41slsp_network</subfield></datafield><datafield ind1=" " ind2=" " tag="035"><subfield code="a">121057747</subfield><subfield code="9">ExL</subfield></datafield><datafield ind1=" " ind2=" " tag="035"><subfield code="a">(RERO)R008038245-41slsp</subfield></datafield><datafield ind1=" " ind2=" " tag="035"><subfield code="a">(EXLNZ-41SLSP_NETWORK)991001576519705501</subfield></datafield><datafield ind1=" " ind2=" " tag="040"><subfield code="a">RERO iftaf-</subfield><subfield code="d">CH-ZuSLS</subfield></datafield><datafield ind1=" " ind2=" " tag="044"><subfield code="a">sz</subfield><subfield code="c">ch-zh</subfield></datafield><datafield ind1=" " ind2="7" tag="072"><subfield code="a">dr</subfield><subfield code="2">rero</subfield></datafield><datafield ind1=" " ind2=" " tag="084"><subfield code="a">CA/CH 78 i</subfield><subfield code="2">cjurrom</subfield></datafield><datafield ind1=" " ind2=" " tag="084"><subfield code="a">CA/CH 79.3 i</subfield><subfield code="2">cjurrom</subfield></datafield><datafield ind1="1" ind2=" " tag="100"><subfield code="a">Gwelessiani, Michael</subfield><subfield code="0">(RERO)A003334181</subfield><subfield code="4">cre</subfield></datafield><datafield ind1="1" ind2="0" tag="245"><subfield code="a">&lt;&lt;Die&gt;&gt; Organisation der Geschäftsführung in der GmbH und ihre Bedeutung auf die amtlichen Verfahren im Rahmen der Handelsregisterverordnung</subfield><subfield code="c">Michael Gwelessiani, Daniela Pelizzoni</subfield></datafield><datafield ind1=" " ind2=" " tag="336"><subfield code="b">txt</subfield><subfield code="2">rdacontent</subfield></datafield><datafield ind1=" " ind2=" " tag="337"><subfield code="b">n</subfield><subfield code="2">rdamedia</subfield></datafield><datafield ind1=" " ind2=" " tag="338"><subfield code="b">nc</subfield><subfield code="2">rdacarrier</subfield></datafield><datafield ind1=" " ind2=" " tag="500"><subfield code="a">Deutscher Text mit Zusfassung in Franz.</subfield></datafield><datafield ind1=" " ind2=" " tag="580"><subfield code="a">In: Reprax. - Zürich. - Jg. 16(2014), H. 3, S. 1-7</subfield></datafield><datafield ind1=" " ind2="7" tag="650"><subfield code="a">Gesellschaft mit beschränkter Haftung</subfield><subfield code="9">ger</subfield><subfield code="0">(RERO)jurivoc000009842ger</subfield><subfield code="2">jurivoc</subfield></datafield><datafield ind1=" " ind2="7" tag="650"><subfield code="a">Betriebsleitung</subfield><subfield code="9">ger</subfield><subfield code="0">(RERO)jurivoc000003772ger</subfield><subfield code="2">jurivoc</subfield></datafield><datafield ind1=" " ind2="7" tag="650"><subfield code="a">Organisation(allgemein)</subfield><subfield code="9">ger</subfield><subfield code="0">(RERO)jurivoc000016630ger</subfield><subfield code="2">jurivoc</subfield></datafield><datafield ind1=" " ind2="7" tag="650"><subfield code="a">Organ(juristische Person)</subfield><subfield code="9">ger</subfield><subfield code="0">(RERO)jurivoc000016611ger</subfield><subfield code="2">jurivoc</subfield></datafield><datafield ind1=" " ind2="7" tag="650"><subfield code="a">Handelsregister</subfield><subfield code="9">ger</subfield><subfield code="0">(RERO)jurivoc000010811ger</subfield><subfield code="2">jurivoc</subfield></datafield><datafield ind1=" " ind2="7" tag="651"><subfield code="a">Schweiz</subfield><subfield code="9">ger</subfield><subfield code="0">(RERO)jurivoc000019912ger</subfield><subfield code="2">jurivoc</subfield></datafield><datafield ind1="1" ind2=" " tag="700"><subfield code="a">Pelizzoni, Daniela</subfield><subfield code="0">(RERO)A024997815</subfield></datafield><datafield ind1="0" ind2=" " tag="773"><subfield code="t">Reprax : Zeitschrift zur Handelsregisterpraxis = Revue pour le registre du commerce</subfield><subfield code="g">2014/3/1</subfield><subfield code="g">yr:2014</subfield><subfield code="w">(RERO)R257359360-41slsp</subfield></datafield></record>
</metadata></record>