<record><header><identifier>oai:alma.41SLSP_UGE:991000050219705502</identifier><datestamp>2023-06-20T00:21:47Z</datestamp><setSpec>uge_bcen_RapidILL_BOOK</setSpec><setSpec>uge_aaca_RapidILL_BOOK</setSpec><setSpec>uge_abels_RapidILL_BOOK</setSpec><setSpec>uge_dbu_RapidILL_BOOK</setSpec><setSpec>uge_cmu_RapidILL_BOOK</setSpec><setSpec>uge_mail_RapidILL_BOOK</setSpec><setSpec>uge_abbat_RapidILL_BOOK</setSpec><setSpec>UNIGE_ALL</setSpec><setSpec>uge_aobs_RapidILL_BOOK</setSpec><setSpec>uge_acar_RapidILL_BOOK</setSpec></header><metadata>
<record xmlns="http://www.loc.gov/MARC21/slim" xmlns:xsi="http://www.w3.org/2001/XMLSchema-instance" xsi:schemaLocation="http://www.loc.gov/MARC21/slim http://www.loc.gov/standards/marcxml/schema/MARC21slim.xsd"><leader>02823nam a2200661 c 4500</leader><controlfield tag="001">991000050219705502</controlfield><controlfield tag="005">20230619205438.0</controlfield><controlfield tag="008">201012s2002    xxk||||| |||| 00| ||eng d</controlfield><datafield ind1=" " ind2=" " tag="010"><subfield code="a">2001059300</subfield></datafield><datafield ind1=" " ind2=" " tag="020"><subfield code="a">019924717X</subfield></datafield><datafield ind1="7" ind2=" " tag="024"><subfield code="a">http://catalogue.bnf.fr/ark:/12148/cb388413284</subfield><subfield code="2">uri</subfield></datafield><datafield ind1=" " ind2=" " tag="035"><subfield code="a">(swissbib)240098625-41slsp_network</subfield></datafield><datafield ind1=" " ind2=" " tag="035"><subfield code="a">240098625</subfield><subfield code="9">ExL</subfield></datafield><datafield ind1=" " ind2=" " tag="035"><subfield code="a">(RERO)R003584944-41slsp</subfield></datafield><datafield ind1=" " ind2=" " tag="035"><subfield code="a">(NEBIS)004276601EBI01</subfield></datafield><datafield ind1=" " ind2=" " tag="035"><subfield code="a">(IDSBB)002600147DSV01</subfield></datafield><datafield ind1=" " ind2=" " tag="035"><subfield code="a">(EXLNZ-41SLSP_NETWORK)991160794759705501</subfield></datafield><datafield ind1=" " ind2=" " tag="040"><subfield code="a">RERO neubfl</subfield><subfield code="d">CH-ZuSLS</subfield></datafield><datafield ind1=" " ind2=" " tag="050"><subfield code="a">PS3509.L43</subfield><subfield code="b">Z68158 2002</subfield></datafield><datafield ind1=" " ind2="7" tag="072"><subfield code="a">an</subfield><subfield code="2">rero</subfield></datafield><datafield ind1=" " ind2="7" tag="072"><subfield code="a">le</subfield><subfield code="2">SzZuIDS BS/BE</subfield></datafield><datafield ind1="0" ind2="0" tag="082"><subfield code="a">821/.912</subfield><subfield code="2">21</subfield></datafield><datafield ind1="0" ind2="4" tag="082"><subfield code="a">821 .912</subfield><subfield code="2">21</subfield></datafield><datafield ind1=" " ind2=" " tag="084"><subfield code="a">HM 1081</subfield><subfield code="2">rvk</subfield></datafield><datafield ind1=" " ind2=" " tag="084"><subfield code="a">HM 1398</subfield><subfield code="2">rvk</subfield></datafield><datafield ind1="1" ind2=" " tag="100"><subfield code="6">880-01</subfield><subfield code="a">Harding, Jason</subfield><subfield code="0">(IDREF)09560197X</subfield><subfield code="4">cre</subfield></datafield><datafield ind1="1" ind2=" " tag="880"><subfield code="a">Harding, Jason</subfield><subfield code="0">(DE-588)143195050</subfield><subfield code="6">100-01</subfield></datafield><datafield ind1="1" ind2="0" tag="245"><subfield code="a">&lt;&lt;The &quot;&gt;&gt;Criterion&quot;</subfield><subfield code="b">cultural politcs and periodical networks in inter-war Britain</subfield><subfield code="c">Jason Harding</subfield></datafield><datafield ind1=" " ind2="1" tag="264"><subfield code="a">Oxford [etc.]</subfield><subfield code="b">Oxford University press</subfield><subfield code="c">2002</subfield></datafield><datafield ind1=" " ind2=" " tag="300"><subfield code="a">XII, 250 p.</subfield><subfield code="c">23 cm</subfield></datafield><datafield ind1=" " ind2=" " tag="336"><subfield code="b">txt</subfield><subfield code="2">rdacontent</subfield></datafield><datafield ind1=" " ind2=" " tag="337"><subfield code="b">n</subfield><subfield code="2">rdamedia</subfield></datafield><datafield ind1=" " ind2=" " tag="338"><subfield code="b">nc</subfield><subfield code="2">rdacarrier</subfield></datafield><datafield ind1=" " ind2=" " tag="504"><subfield code="a">Includes bibliographical references (p. [230]-239) and index</subfield></datafield><datafield ind1="1" ind2="7" tag="600"><subfield code="a">Eliot, Thomas Stearns</subfield><subfield code="d">1888-1965</subfield><subfield code="0">(IDREF)027288595</subfield><subfield code="2">idref</subfield></datafield><datafield ind1="1" ind2="0" tag="600"><subfield code="a">Eliot, T. S</subfield><subfield code="q">Thomas Stearns</subfield><subfield code="d">1888-1965</subfield><subfield code="t">Waste land</subfield><subfield code="x">Contributions in journalism</subfield></datafield><datafield ind1="1" ind2="0" tag="600"><subfield code="a">Eliot, T. S</subfield><subfield code="q">Thomas Stearns</subfield><subfield code="d">1888-1965</subfield><subfield code="t">Waste land</subfield><subfield code="x">Political and social views</subfield></datafield><datafield ind1="1" ind2="0" tag="600"><subfield code="a">Eliot, T. S</subfield><subfield code="q">Thomas Stearns</subfield><subfield code="d">1888-1965</subfield><subfield code="x">Contributions in journalism</subfield></datafield><datafield ind1="1" ind2="0" tag="600"><subfield code="a">Eliot, T. S</subfield><subfield code="q">Thomas Stearns</subfield><subfield code="d">1888-1965</subfield><subfield code="x">Political and social views</subfield></datafield><datafield ind1="1" ind2="7" tag="600"><subfield code="a">Eliot, Thomas Stearns</subfield><subfield code="x">Publizistik</subfield><subfield code="2">idsbb</subfield></datafield><datafield ind1="0" ind2="7" tag="630"><subfield code="a">The New Criterion</subfield><subfield code="0">(IDREF)125981538</subfield><subfield code="2">idref</subfield></datafield><datafield ind1="0" ind2="0" tag="630"><subfield code="a">Criterion (London, England : 1922)</subfield></datafield><datafield ind1="0" ind2="0" tag="630"><subfield code="a">Criterion</subfield><subfield code="v">(London, England : 1922</subfield></datafield><datafield ind1=" " ind2="7" tag="648"><subfield code="a">Geschichte 1919-1939</subfield><subfield code="2">gnd</subfield></datafield><datafield ind1=" " ind2="7" tag="650"><subfield code="a">Politique culturelle</subfield><subfield code="0">(IDREF)027416593</subfield><subfield code="2">idref</subfield></datafield><datafield ind1=" " ind2="7" tag="650"><subfield code="a">1918-1939</subfield><subfield code="2">rero</subfield></datafield><datafield ind1=" " ind2="7" tag="650"><subfield code="a">Kulturpolitik</subfield><subfield code="0">(DE-588)4033581-1</subfield><subfield code="2">gnd</subfield></datafield><datafield ind1=" " ind2="7" tag="650"><subfield code="a">Literarische Zeitschrift</subfield><subfield code="0">(DE-588)4035949-9</subfield><subfield code="2">gnd</subfield></datafield><datafield ind1=" " ind2="0" tag="650"><subfield code="a">Criticism</subfield><subfield code="x">History</subfield><subfield code="y">20th century</subfield><subfield code="z">Great Britain</subfield></datafield><datafield ind1=" " ind2="0" tag="650"><subfield code="a">Journalism</subfield><subfield code="x">History</subfield><subfield code="y">20th century</subfield><subfield code="z">Great Britain</subfield></datafield><datafield ind1=" " ind2="0" tag="650"><subfield code="a">Periodicals</subfield><subfield code="x">Publishing</subfield><subfield code="x">History</subfield><subfield code="y">20th century</subfield><subfield code="z">Great Britain</subfield></datafield><datafield ind1=" " ind2="0" tag="650"><subfield code="a">Politics and culture</subfield><subfield code="z">Great Britain</subfield><subfield code="x">History</subfield><subfield code="y">20th century</subfield></datafield><datafield ind1=" " ind2="0" tag="650"><subfield code="a">Culture</subfield><subfield code="x">Political aspects</subfield><subfield code="z">Great Britain</subfield><subfield code="x">History</subfield><subfield code="y">20th century</subfield></datafield><datafield ind1=" " ind2="7" tag="650"><subfield code="a">Criterion (Zeitschrift)</subfield><subfield code="2">idsbb</subfield></datafield><datafield ind1=" " ind2="7" tag="650"><subfield code="a">Literaturkritik</subfield><subfield code="z">englische</subfield><subfield code="y">Geschichte 20. Jh</subfield><subfield code="2">idsbb</subfield></datafield><datafield ind1=" " ind2="7" tag="651"><subfield code="a">Grande-Bretagne</subfield><subfield code="0">(IDREF)027228231</subfield><subfield code="2">idref</subfield></datafield><datafield ind1=" " ind2="0" tag="651"><subfield code="a">Great Britain</subfield><subfield code="x">Intellectual life</subfield><subfield code="y">20th century</subfield></datafield><datafield ind1=" " ind2="7" tag="651"><subfield code="a">Großbritannien</subfield><subfield code="0">(DE-588)4022153-2</subfield><subfield code="2">gnd</subfield></datafield><datafield ind1=" " ind2=" " tag="900"><subfield code="a">IDSZ2zbzmon200206f</subfield><subfield code="c">IDSZ2klau</subfield></datafield></record>
</metadata></record>