<record><header><identifier>oai:alma.41SLSP_UGE:991000050209705502</identifier><datestamp>2024-10-29T01:08:07Z</datestamp><setSpec>uge_bcen_RapidILL_BOOK</setSpec><setSpec>uge_aaca_RapidILL_BOOK</setSpec><setSpec>uge_abels_RapidILL_BOOK</setSpec><setSpec>uge_dbu_RapidILL_BOOK</setSpec><setSpec>uge_cmu_RapidILL_BOOK</setSpec><setSpec>uge_mail_RapidILL_BOOK</setSpec><setSpec>uge_abbat_RapidILL_BOOK</setSpec><setSpec>UNIGE_ALL</setSpec><setSpec>uge_aobs_RapidILL_BOOK</setSpec><setSpec>uge_acar_RapidILL_BOOK</setSpec></header><metadata>
<record xmlns="http://www.loc.gov/MARC21/slim" xmlns:xsi="http://www.w3.org/2001/XMLSchema-instance" xsi:schemaLocation="http://www.loc.gov/MARC21/slim http://www.loc.gov/standards/marcxml/schema/MARC21slim.xsd"><leader>01248nam a2200277 c 4500</leader><controlfield tag="001">991000050209705502</controlfield><controlfield tag="005">20241028200819.0</controlfield><controlfield tag="008">051024s1701    ne ||||| |||| 00| ||fre d</controlfield><datafield ind1=" " ind2=" " tag="035"><subfield code="a">(swissbib)102530173-41slsp_network</subfield></datafield><datafield ind1=" " ind2=" " tag="035"><subfield code="a">102530173</subfield><subfield code="9">ExL</subfield></datafield><datafield ind1=" " ind2=" " tag="035"><subfield code="a">(RERO)R003927394-41slsp</subfield></datafield><datafield ind1=" " ind2=" " tag="035"><subfield code="a">(EXLNZ-41SLSP_NETWORK)991065600339705501</subfield></datafield><datafield ind1=" " ind2=" " tag="040"><subfield code="a">RERO vdbpy-</subfield><subfield code="d">CH-ZuSLS</subfield></datafield><datafield ind1=" " ind2="7" tag="072"><subfield code="a">th</subfield><subfield code="2">rero</subfield></datafield><datafield ind1="1" ind2=" " tag="100"><subfield code="a">La Placette, Jean</subfield><subfield code="d">1639-1718</subfield><subfield code="0">(IDREF)034115552</subfield><subfield code="4">cre</subfield></datafield><datafield ind1="1" ind2="0" tag="245"><subfield code="a">Traité du serment, divisé en deux livres</subfield><subfield code="b">où l'on trouvera la résolution des cas de conscience qui ont du rapport à cette matière</subfield><subfield code="c">par Jean La Placette, pasteur de l'Eglise françoise de Coppenhague</subfield></datafield><datafield ind1=" " ind2="1" tag="264"><subfield code="a">A La Haye</subfield><subfield code="b">chez Abraham Troyel</subfield><subfield code="c">1701</subfield></datafield><datafield ind1=" " ind2=" " tag="300"><subfield code="a">[6] f., 292, [4] p.</subfield><subfield code="b">ill.</subfield><subfield code="c">12° (18 cm)</subfield></datafield><datafield ind1=" " ind2=" " tag="336"><subfield code="b">txt</subfield><subfield code="2">rdacontent</subfield></datafield><datafield ind1=" " ind2=" " tag="337"><subfield code="b">n</subfield><subfield code="2">rdamedia</subfield></datafield><datafield ind1=" " ind2=" " tag="338"><subfield code="b">nc</subfield><subfield code="2">rdacarrier</subfield></datafield><datafield ind1=" " ind2=" " tag="500"><subfield code="a">Titre imprimé en noir et rouge</subfield></datafield><datafield ind1="1" ind2=" " tag="700"><subfield code="a">Troyel, Abraham</subfield><subfield code="c">imprimeur-libraire</subfield><subfield code="d">16..-1705?</subfield><subfield code="0">(IDREF)063238934</subfield><subfield code="4">prt</subfield></datafield><datafield ind1=" " ind2=" " tag="751"><subfield code="a">La Haye (Pays-Bas)</subfield><subfield code="4">pup</subfield><subfield code="0">(IDREF)027596893</subfield></datafield><datafield ind1="0" ind2="8" tag="776"><subfield code="i">Publié également comme</subfield><subfield code="n">édition en ligne</subfield><subfield code="t">Traité du serment, divisé en deux livres</subfield><subfield code="w">991171966418905501</subfield></datafield><datafield ind1="4" ind2="1" tag="856"><subfield code="u">http://books.google.ch/books?vid=BCULVD2223218</subfield><subfield code="z">Googlos 2007-2009</subfield></datafield><datafield ind1=" " ind2=" " tag="900"><subfield code="a">REROswissbibnomerge</subfield></datafield></record>
</metadata></record>