<record><header><identifier>oai:alma.41SLSP_UGE:991000049689705502</identifier><datestamp>2023-11-25T02:38:32Z</datestamp><setSpec>uge_bcen_RapidILL_BOOK</setSpec><setSpec>uge_aaca_RapidILL_BOOK</setSpec><setSpec>uge_abels_RapidILL_BOOK</setSpec><setSpec>uge_dbu_RapidILL_BOOK</setSpec><setSpec>uge_cmu_RapidILL_BOOK</setSpec><setSpec>uge_mail_RapidILL_BOOK</setSpec><setSpec>uge_abbat_RapidILL_BOOK</setSpec><setSpec>UNIGE_ALL</setSpec><setSpec>uge_acar_RapidILL_BOOK</setSpec><setSpec>uge_aobs_RapidILL_BOOK</setSpec></header><metadata>
<record xmlns="http://www.loc.gov/MARC21/slim" xmlns:xsi="http://www.w3.org/2001/XMLSchema-instance" xsi:schemaLocation="http://www.loc.gov/MARC21/slim http://www.loc.gov/standards/marcxml/schema/MARC21slim.xsd"><leader>01819naa a2200337 c 4500</leader><controlfield tag="001">991000049689705502</controlfield><controlfield tag="005">20230630211258.0</controlfield><controlfield tag="008">980131s1997    sz ||||| |||| 00| ||ger d</controlfield><datafield ind1=" " ind2=" " tag="035"><subfield code="a">(swissbib)092906109-41slsp_network</subfield></datafield><datafield ind1=" " ind2=" " tag="035"><subfield code="a">092906109</subfield><subfield code="9">ExL</subfield></datafield><datafield ind1=" " ind2=" " tag="035"><subfield code="a">(RERO)R225022860-41slsp</subfield></datafield><datafield ind1=" " ind2=" " tag="035"><subfield code="a">(ALEX)bv80006322</subfield></datafield><datafield ind1=" " ind2=" " tag="035"><subfield code="a">(EXLNZ-41SLSP_NETWORK)991098681969705501</subfield></datafield><datafield ind1=" " ind2=" " tag="040"><subfield code="a">RERO frbcuc</subfield><subfield code="d">CH-ZuSLS</subfield></datafield><datafield ind1=" " ind2=" " tag="044"><subfield code="a">sz</subfield><subfield code="c">ch-zh</subfield></datafield><datafield ind1=" " ind2="7" tag="072"><subfield code="a">dr</subfield><subfield code="2">rero</subfield></datafield><datafield ind1=" " ind2=" " tag="084"><subfield code="a">CA/CH-BS 54.1 i</subfield><subfield code="2">cjurrom</subfield></datafield><datafield ind1="1" ind2=" " tag="100"><subfield code="a">Edelmann, Alfred</subfield><subfield code="0">(RERO)A003208515</subfield><subfield code="4">cre</subfield></datafield><datafield ind1="1" ind2="0" tag="245"><subfield code="a">Ungereimtheiten beim Übergang zur Gegenwartsbemessung</subfield><subfield code="c">Alfred Edelmann</subfield></datafield><datafield ind1=" " ind2=" " tag="336"><subfield code="b">txt</subfield><subfield code="2">rdacontent</subfield></datafield><datafield ind1=" " ind2=" " tag="337"><subfield code="b">n</subfield><subfield code="2">rdamedia</subfield></datafield><datafield ind1=" " ind2=" " tag="338"><subfield code="b">nc</subfield><subfield code="2">rdacarrier</subfield></datafield><datafield ind1=" " ind2=" " tag="580"><subfield code="a">In: Der Schweizer Treuhänder. - Zürich. - Jg. 71(1997), 12, S. 1175-1178</subfield></datafield><datafield ind1=" " ind2="7" tag="650"><subfield code="a">Kantons- und Gemeindesteuer</subfield><subfield code="9">ger</subfield><subfield code="0">(RERO)jurivoc000012425ger</subfield><subfield code="2">jurivoc</subfield></datafield><datafield ind1=" " ind2="7" tag="650"><subfield code="a">kantonales Recht</subfield><subfield code="9">ger</subfield><subfield code="0">(RERO)jurivoc000012405ger</subfield><subfield code="2">jurivoc</subfield></datafield><datafield ind1=" " ind2="7" tag="650"><subfield code="a">Steuer</subfield><subfield code="9">ger</subfield><subfield code="0">(RERO)jurivoc000021368ger</subfield><subfield code="2">jurivoc</subfield></datafield><datafield ind1=" " ind2="7" tag="650"><subfield code="a">natürliche Person</subfield><subfield code="9">ger</subfield><subfield code="0">(RERO)jurivoc000015698ger</subfield><subfield code="2">jurivoc</subfield></datafield><datafield ind1=" " ind2="7" tag="650"><subfield code="a">Steuerpflicht</subfield><subfield code="9">ger</subfield><subfield code="0">(RERO)jurivoc000021437ger</subfield><subfield code="2">jurivoc</subfield></datafield><datafield ind1=" " ind2="7" tag="650"><subfield code="a">Veranlagungsverfahren</subfield><subfield code="9">ger</subfield><subfield code="0">(RERO)jurivoc000024159ger</subfield><subfield code="2">jurivoc</subfield></datafield><datafield ind1=" " ind2="7" tag="651"><subfield code="a">Schweiz</subfield><subfield code="9">ger</subfield><subfield code="0">(RERO)jurivoc000019912ger</subfield><subfield code="2">jurivoc</subfield></datafield><datafield ind1=" " ind2="7" tag="651"><subfield code="a">Basel-Landschaft</subfield><subfield code="9">ger</subfield><subfield code="0">(RERO)jurivoc000002749ger</subfield><subfield code="2">jurivoc</subfield></datafield><datafield ind1=" " ind2="7" tag="651"><subfield code="a">Basel-Stadt(Kanton)</subfield><subfield code="9">ger</subfield><subfield code="0">(RERO)jurivoc000002751ger</subfield><subfield code="2">jurivoc</subfield></datafield><datafield ind1="0" ind2=" " tag="773"><subfield code="t">Schweizer Treuhänder : Monatszeitschrift für Revision, Rechnungswesen und Beratung : offizielles Organ der Schweizerischen Treuhand- und Revisionskammer = L'expert-comptable suisse : revue mensuelle pour la revision, la comptabilité et le conseil d'entreprise : organe officiel de la Chambre suisse des Sociétés fiduciaires et des experts-comptables</subfield><subfield code="g">1997/1175</subfield><subfield code="g">yr:1997</subfield><subfield code="w">(RERO)0223261-41slsp</subfield></datafield></record>
</metadata></record>