<record><header><identifier>oai:alma.41SLSP_UGE:991000050109705502</identifier><datestamp>2023-08-16T00:56:57Z</datestamp><setSpec>uge_bcen_RapidILL_BOOK</setSpec><setSpec>uge_aaca_RapidILL_BOOK</setSpec><setSpec>uge_abels_RapidILL_BOOK</setSpec><setSpec>uge_dbu_RapidILL_BOOK</setSpec><setSpec>uge_cmu_RapidILL_BOOK</setSpec><setSpec>uge_mail_RapidILL_BOOK</setSpec><setSpec>uge_abbat_RapidILL_BOOK</setSpec><setSpec>UNIGE_ALL</setSpec><setSpec>uge_acar_RapidILL_BOOK</setSpec><setSpec>uge_aobs_RapidILL_BOOK</setSpec></header><metadata>
<record xmlns="http://www.loc.gov/MARC21/slim" xmlns:xsi="http://www.w3.org/2001/XMLSchema-instance" xsi:schemaLocation="http://www.loc.gov/MARC21/slim http://www.loc.gov/standards/marcxml/schema/MARC21slim.xsd"><leader>01775nam a2200397 c 4500</leader><controlfield tag="001">991000050109705502</controlfield><controlfield tag="005">20201229231232.0</controlfield><controlfield tag="008">201011s1966    au ||||| |||| 01| ||ger d</controlfield><datafield ind1="7" ind2=" " tag="024"><subfield code="a">http://catalogue.bnf.fr/ark:/12148/cb330963703</subfield><subfield code="2">uri</subfield></datafield><datafield ind1=" " ind2=" " tag="035"><subfield code="a">(swissbib)215697464-41slsp_network</subfield></datafield><datafield ind1=" " ind2=" " tag="035"><subfield code="a">215697464</subfield><subfield code="9">ExL</subfield></datafield><datafield ind1=" " ind2=" " tag="035"><subfield code="a">(RERO)R007135786-41slsp</subfield></datafield><datafield ind1=" " ind2=" " tag="035"><subfield code="a">(IDSBB)000295781DSV01</subfield></datafield><datafield ind1=" " ind2=" " tag="035"><subfield code="a">(NEBIS)005138790EBI01</subfield></datafield><datafield ind1=" " ind2=" " tag="035"><subfield code="a">(EXLNZ-41SLSP_NETWORK)991136057959705501</subfield></datafield><datafield ind1=" " ind2=" " tag="040"><subfield code="a">DLC</subfield><subfield code="d">CH-ZuSLS</subfield></datafield><datafield ind1=" " ind2="0" tag="050"><subfield code="a">PA26</subfield><subfield code="b">.G44</subfield></datafield><datafield ind1=" " ind2="7" tag="072"><subfield code="a">ha</subfield><subfield code="2">rero</subfield></datafield><datafield ind1=" " ind2="7" tag="072"><subfield code="a">kp</subfield><subfield code="2">SzZuIDS BS/BE</subfield></datafield><datafield ind1="0" ind2="4" tag="082"><subfield code="a">880/.09</subfield></datafield><datafield ind1="1" ind2=" " tag="100"><subfield code="a">Gerstinger, Hans</subfield><subfield code="6">880-01</subfield></datafield><datafield ind1="1" ind2=" " tag="880"><subfield code="a">Gerstinger, Hans</subfield><subfield code="d">1885-1971</subfield><subfield code="6">100-01</subfield><subfield code="0">(IDREF)081131852</subfield></datafield><datafield ind1="1" ind2=" " tag="880"><subfield code="a">Gerstinger, Hans</subfield><subfield code="d">1885-1971</subfield><subfield code="0">(DE-588)118538845</subfield><subfield code="6">100-01</subfield></datafield><datafield ind1="1" ind2="0" tag="245"><subfield code="a">Hans Gerstinger</subfield><subfield code="b">Festgabe zum 80. Geburtstag : Arbeiten aus dem Grazer Schülerkreis</subfield></datafield><datafield ind1=" " ind2="1" tag="264"><subfield code="a">Graz</subfield><subfield code="b">Akademische Druck- und Verlagsanatalt</subfield><subfield code="c">1966</subfield></datafield><datafield ind1=" " ind2=" " tag="300"><subfield code="a">101 p.</subfield><subfield code="c">25 cm.</subfield></datafield><datafield ind1=" " ind2=" " tag="336"><subfield code="b">txt</subfield><subfield code="2">rdacontent</subfield></datafield><datafield ind1=" " ind2=" " tag="337"><subfield code="b">n</subfield><subfield code="2">rdamedia</subfield></datafield><datafield ind1=" " ind2=" " tag="338"><subfield code="b">nc</subfield><subfield code="2">rdacarrier</subfield></datafield><datafield ind1=" " ind2=" " tag="504"><subfield code="a">Includes bibliographical references.</subfield></datafield><datafield ind1="0" ind2=" " tag="505"><subfield code="a">Verzeichnis der Schriften und Aufsätze (p. 6-15)--Zur profanen Bildung des Euagrios Pontikos, von W. Lackner.--Bilder und Vergleiche aus dem Sportwesen in der Späten griechischen Epik, von F. Lochner-Hüttenbach.--Die Gedankenfolge in Vergils &quot;Heldenschau,&quot; von F. Loretto.--Non Tutior ibis, von F. Quadlbauer.--Cum signo fidel, von H. Schmeja.--Nalopakhyana und Odyssee, von F. F. Schwarz.--Das Mus.-päd, Realgymnasium, von H. Trathnigg</subfield></datafield><datafield ind1=" " ind2="0" tag="650"><subfield code="a">Classical philology</subfield></datafield><datafield ind1=" " ind2="7" tag="655"><subfield code="a">Bibliografie</subfield><subfield code="2">gnd-content</subfield></datafield><datafield ind1=" " ind2="7" tag="655"><subfield code="a">Festschrift</subfield><subfield code="2">gnd-content</subfield></datafield><datafield ind1=" " ind2=" " tag="900"><subfield code="a">REROnoselfmerge</subfield></datafield><datafield ind1=" " ind2=" " tag="900"><subfield code="a">IDSZRMedeaZBZ</subfield><subfield code="b">IDSZRSWK</subfield></datafield><datafield ind1=" " ind2=" " tag="910"><subfield code="a">LOC</subfield><subfield code="b">20120905</subfield><subfield code="c">Droits réservés</subfield></datafield></record>
</metadata></record>