<record><header><identifier>oai:alma.41SLSP_UGE:991000050229705502</identifier><datestamp>2024-10-17T00:10:42Z</datestamp><setSpec>uge_bcen_RapidILL_BOOK</setSpec><setSpec>uge_aaca_RapidILL_BOOK</setSpec><setSpec>uge_abels_RapidILL_BOOK</setSpec><setSpec>uge_dbu_RapidILL_BOOK</setSpec><setSpec>uge_cmu_RapidILL_BOOK</setSpec><setSpec>uge_mail_RapidILL_BOOK</setSpec><setSpec>uge_abbat_RapidILL_BOOK</setSpec><setSpec>UNIGE_ALL</setSpec><setSpec>uge_aobs_RapidILL_BOOK</setSpec><setSpec>uge_acar_RapidILL_BOOK</setSpec></header><metadata>
<record xmlns="http://www.loc.gov/MARC21/slim" xmlns:xsi="http://www.w3.org/2001/XMLSchema-instance" xsi:schemaLocation="http://www.loc.gov/MARC21/slim http://www.loc.gov/standards/marcxml/schema/MARC21slim.xsd"><leader>01361nam a2200397 c 4500</leader><controlfield tag="001">991000050229705502</controlfield><controlfield tag="005">20241016184736.0</controlfield><controlfield tag="008">201011s1983    ne ||||| |||| 00| ||eng d</controlfield><datafield ind1=" " ind2=" " tag="020"><subfield code="a">0444805079</subfield></datafield><datafield ind1="7" ind2=" " tag="024"><subfield code="a">http://catalogue.bnf.fr/ark:/12148/cb37355713c</subfield><subfield code="2">uri</subfield></datafield><datafield ind1=" " ind2=" " tag="035"><subfield code="a">(swissbib)216547636-41slsp_network</subfield></datafield><datafield ind1=" " ind2=" " tag="035"><subfield code="a">216547636</subfield><subfield code="9">ExL</subfield></datafield><datafield ind1=" " ind2=" " tag="035"><subfield code="a">(RERO)0503328-41slsp</subfield></datafield><datafield ind1=" " ind2=" " tag="035"><subfield code="a">(NEBIS)007665697EBI01</subfield></datafield><datafield ind1=" " ind2=" " tag="035"><subfield code="a">(IDSBB)001097498DSV01</subfield></datafield><datafield ind1=" " ind2=" " tag="035"><subfield code="a">(EXLNZ-41SLSP_NETWORK)991127193009705501</subfield></datafield><datafield ind1=" " ind2=" " tag="040"><subfield code="a">RERO</subfield><subfield code="d">CH-ZuSLS</subfield></datafield><datafield ind1=" " ind2=" " tag="044"><subfield code="a">ne</subfield><subfield code="a">xxu</subfield></datafield><datafield ind1=" " ind2="7" tag="072"><subfield code="a">me</subfield><subfield code="2">rero</subfield></datafield><datafield ind1=" " ind2="7" tag="072"><subfield code="a">ch</subfield><subfield code="2">SzZuIDS BS/BE</subfield></datafield><datafield ind1=" " ind2="7" tag="072"><subfield code="a">bi</subfield><subfield code="2">SzZuIDS BS/BE</subfield></datafield><datafield ind1="1" ind2="4" tag="082"><subfield code="a">570</subfield><subfield code="2">15</subfield></datafield><datafield ind1="0" ind2="0" tag="245"><subfield code="a">Selected Topics in the History of Biochemistry</subfield><subfield code="b">personal recollections 1</subfield><subfield code="c">vol. ed. Giorgio Semenza</subfield></datafield><datafield ind1=" " ind2="1" tag="264"><subfield code="a">Amsterdam</subfield><subfield code="a">Oxford [etc.]</subfield><subfield code="b">Elsevier Science Publ.</subfield><subfield code="c">1983</subfield></datafield><datafield ind1=" " ind2=" " tag="300"><subfield code="a">XVIII, 404 p.</subfield><subfield code="b">ill.</subfield><subfield code="c">23 cm</subfield></datafield><datafield ind1=" " ind2=" " tag="336"><subfield code="b">txt</subfield><subfield code="2">rdacontent</subfield></datafield><datafield ind1=" " ind2=" " tag="337"><subfield code="b">n</subfield><subfield code="2">rdamedia</subfield></datafield><datafield ind1=" " ind2=" " tag="338"><subfield code="b">nc</subfield><subfield code="2">rdacarrier</subfield></datafield><datafield ind1="1" ind2=" " tag="490"><subfield code="a">Comprehensive biochemistry</subfield><subfield code="v">vol. 35. Section 6, A history of biochemistry</subfield></datafield><datafield ind1=" " ind2="2" tag="650"><subfield code="a">Biochemistry</subfield><subfield code="x">history</subfield></datafield><datafield ind1=" " ind2="2" tag="650"><subfield code="a">Biochemistry</subfield></datafield><datafield ind1=" " ind2="2" tag="655"><subfield code="a">Biography</subfield></datafield><datafield ind1="1" ind2=" " tag="700"><subfield code="a">Neuberger, Albert</subfield></datafield><datafield ind1="1" ind2=" " tag="700"><subfield code="a">Semenza, Giorgio</subfield><subfield code="0">(RERO)A003820836</subfield></datafield><datafield ind1=" " ind2="0" tag="830"><subfield code="a">Comprehensive biochemistry</subfield><subfield code="v">35</subfield><subfield code="w">(IDSBB)000043213DSV01</subfield></datafield><datafield ind1=" " ind2="0" tag="830"><subfield code="a">Comprehensive biochemistry</subfield><subfield code="v">35</subfield><subfield code="w">(NEBIS)000006266EBI01</subfield></datafield><datafield ind1=" " ind2=" " tag="900"><subfield code="a">REROnoselfmerge</subfield></datafield></record>
</metadata></record>